3458 5306
873 369 915 430 86

253 601 397 668 graecus
425 602 535 652 sermo
559 587 612 654 est
639 603 700 654 nec
726 584 878 672 latinus,
914 607 968 674 ep.
998 588 1057 673 36,
1089 588 1133 655 13
1170 582 1272 673 ‘quod
1306 582 1396 655 idern
1424 603 1536 654 sermo

253 707 289 772 et
315 700 444 772 eisdem
471 700 583 773 literis
607 703 757 792 scriptus
783 703 938 775 diuersas
963 704 1055 793 apud
1080 724 1137 774 eos
1164 710 1199 775 et
1223 723 1324 774 uoces
1351 703 1536 794 (verschie-

253 821 362 892 denen
396 819 502 908 Laut)
537 828 571 892 et
606 823 861 913 intellegentias
900 825 1027 896 hebeat
1043 881 1050 895 .
1069 880 1076 895 .
1096 830 1253 911 pastores
1293 829 1328 894 et
1365 831 1537 895 amatores

253 941 380 1013 eisdem
415 942 526 1013 literis
561 941 776 1015 scribuntur:
813 966 887 1034 reS,
923 946 998 1035 ain,
1032 944 1106 1033 iod,
1143 964 1247 1030 mem,
1286 942 1346 1014 sed
1379 951 1537 1030 pastores

253 1063 353 1151 roim,
389 1069 561 1134 amatores
585 1064 748 1153 leguntur
779 1065 889 1154 reim’‚
919 1070 978 1154 20,
1011 1069 1041 1153 1,
1072 1069 1131 1152 96,
1166 1068 1209 1135 17
1238 1063 1282 1134 al.
1311 1061 1450 1153 (Donat.
1480 1083 1537 1132 ars

253 1181 316 1271 ΙΙΙ,
339 1183 455 1272 din),
484 1183 609 1272 Rufin.‚
640 1182 794 1256 Cassiod.
816 1179 883 1277 (b),
910 1227 954 1236 -
984 1207 1085 1275 quam
1113 1183 1325 1254 catachresin
1354 1187 1537 1270 quantum-

257 1303 312 1373 uis
338 1303 593 1392 irrationalem,
629 1305 717 1376 scitu
740 1313 855 1378 tamen
882 1307 1110 1378 necessariam
1138 1302 1229 1393 quod
1254 1301 1406 1388 Georges
1433 1324 1476 1372 ne
1502 1301 1536 1370 iu

255 1423 443 1494 nouissima
469 1423 606 1514 quidem
631 1425 735 1496 lexici
762 1427 815 1496 sui
849 1424 999 1497 editione
1024 1424 1153 1516 (1880)
1181 1423 1316 1512 attigit,
1350 1443 1417 1492 non
1452 1423 1536 1492 satis

255 1541 376 1614 mirari
399 1564 591 1632 possumus.

347 1661 433 1735 *toti
464 1686 528 1753 pro
566 1687 683 1744 omnes
715 1666 841 1759 (Scrut.
867 1689 901 1756 p.
932 1670 977 1738 56
1004 1667 1071 1756 sq.)
1100 1667 1135 1736 iu
1163 1665 1254 1754 Eph.
1280 1663 1314 1734 ll
1348 1662 1392 1733 ad
1427 1667 1461 1746 4,
1491 1667 1535 1733 16

256 1788 389 1858 ‘totas
423 1787 647 1858 rationabiles
683 1794 860 1858 creaturas
897 1786 960 1858 sub
993 1787 1094 1858 unius
1128 1785 1344 1858 rationabilis
1378 1781 1536 1854 animalis

254 1905 496 1994 intellegamus
523 1907 696 1996 maniplo,
735 1915 770 1979 et
805 1907 1029 1997 quodcunque
1057 1905 1099 1977 de
1124 1907 1226 1977 huius
1252 1905 1415 1976 membris
1442 1903 1537 1974 dixe·

252 2025 361 2098 rimus
396 2034 431 2097 et
464 2027 641 2116 partibus,
675 2027 739 2098 hoc
770 2027 916 2098 sciamus
951 2049 1025 2099 esse
1057 2025 1274 2099 referendum
1311 2027 1355 2098 ad
1389 2047 1537 2097 unam-

253 2166 465 2236 quamque
499 2147 739 2219 rationabilem
769 2150 986 2236 creaturam,
1020 2147 1072 2217 lll
1111 2149 1155 2219 ad
1189 2152 1221 2236 5,
1253 2151 1298 2218 14
1325 2150 1397 2218 ‘nec
1423 2152 1538 2217 tomen

254 2266 355 2337 Arati
396 2275 430 2339 et
470 2265 686 2358 Epimenidis
723 2276 759 2339 et
796 2267 980 2338 Menandri
1021 2275 1096 2338 tota
1133 2290 1221 2358 quae
1256 2267 1424 2356 scripsere
1458 2274 1537 2337 suut

253 2395 388 2475 sancta,
427 2389 509 2478 quia
542 2409 599 2459 eos
631 2410 713 2460 uere
740 2388 870 2477 aliquid
899 2388 1028 2460 dixisse
1059 2395 1206 2460 testatus
1235 2389 1299 2459 est’
1333 2387 1537 2479 (apostolus)

251 2506 310 2594 al,
339 2514 374 2578 et
401 2508 490 2597 sing.
519 2509 542 2578 i.
567 2509 693 2598 quiuis,
730 2510 840 2579 omnis
874 2531 926 2600 ep.
960 2513 1041 2597 148,
1074 2513 1118 2580 16
1156 2508 1252 2578 ‘nihil
1279 2513 1332 2578 est
1364 2506 1455 2596 quod
1488 2506 1538 2576 ita

252 2626 413 2698 mobilem
439 2636 587 2699 mentem
614 2649 655 2700 ac
681 2629 792 2700 leuem
811 2629 925 2717 faciat,
955 2651 1058 2719 quam
1082 2629 1182 2701 lacile
1206 2635 1345 2700 totum
1371 2626 1533 2711 credere’,

252 2747 287 2815 in
323 2747 451 2818 Matth.
481 2748 532 2817 lll
563 2748 608 2819 ad
644 2752 704 2836 23,
742 2753 787 2821 16
825 2771 898 2839 sqq.
929 2753 1050 2820 ‘totum
1084 2750 1256 2820 iaciebant
1289 2770 1356 2819 non
1391 2747 1434 2818 ob
1470 2746 1535 2816 Dei

252 2868 423 2956 timorem,
452 2868 513 2940 sed
540 2869 583 2938 ob
610 2869 811 2940 diuitiarum
839 2869 1074 2957 cupiditatern’
1098 2871 1142 2941 al.

342 2988 462 3078 *uirgo
487 3010 591 3060 mose.
621 2989 700 3061 adu.
721 2989 837 3060 Jouin.
858 2989 885 3076 l,
908 2994 953 3061 26
984 2992 1033 3060 ‘ut
1059 3013 1079 3060 a
1106 2990 1328 3079 propheta
1354 2988 1536 3076 uirgine

252 3108 408 3199 (Ioanne)
440 3110 539 3199 uirgo
574 3110 741 3181 Dominus
774 3117 808 3182 et
842 3111 1106 3180 annuntiaretur
1145 3118 1180 3181 et
1215 3108 1464 3199 baptizaretur’
1502 3115 1535 3178 et

252 3228 347 3319 aliq,
376 3229 422 3299 ib.
453 3234 487 3318 8,
515 3229 593 3301 adu.
618 3229 725 3332 Vigil.
756 3235 776 3300 2
814 3233 885 3300 ‘aut
918 3230 1072 3319 uirgines
1100 3230 1241 3300 clericos
1274 3237 1335 3300 aut
1361 3227 1535 3299 continen-

252 3351 329 3436 tes’‚
366 3349 445 3420 adu
474 3349 612 3422 Heluid.
645 3353 689 3421 19
719 3357 753 3421 et
780 3371 885 3438 saep,
921 3349 1031 3421 Marc.
1057 3349 1159 3439 Ernp.
1189 3349 1271 3441 (ΗΛ
1298 3372 1331 3438 p.
1364 3347 1459 3438 bil),
1495 3348 1533 3418 P.

252 3468 331 3540 Nol.

342 3589 450 3661 *unus
481 3612 559 3680 pro
594 3592 742 3679 primus:
773 3590 878 3678 Vulg.
911 3591 1023 3680 «Agg.
1054 3596 1087 3676 1,
1115 3595 1179 3661 l»:
1217 3591 1252 3660 in
1283 3611 1399 3660 mense
1427 3595 1534 3674 sexto,

252 3711 285 3780 in
314 3710 370 3782 die
394 3733 479 3783 una
503 3712 629 3783 mensis
656 3712 783 3782 factum
810 3717 863 3781 est
879 3766 886 3780 .
903 3766 910 3780 .
928 3709 985 3799 al,
1015 3711 1113 3782 Hier.
1141 3711 1177 3780 in
1204 3711 1294 3798 Agg.
1322 3713 1354 3794 1,
1385 3714 1441 3780 14.

341 3886 398 3957 Ad
427 3887 646 3957 nominum
672 3887 708 3956 in
731 3890 893 3956 contentu
913 3885 1079 3955 sermonis
1096 3886 1227 3956 somnae
1253 3885 1297 3954 in
1307 3885 1536 3956 flexiones

252 4008 464 4097 pertinentia
495 4007 602 4078 haec
636 4007 728 4096 apud
762 4006 1010 4096 Hieronymum
1046 4005 1352 4076 animaduertinms
1387 4005 1536 4075 nondum

252 4129 325 4200 fere
349 4129 461 4199 relata
487 4127 530 4198 ab
558 4126 689 4216 abiise).

252 4339 301 4402 est,
323 4333 350 4387 in
369 4333 589 4388 coniunctionem
609 4332 654 4388 ‘et’
675 4340 716 4388 est
735 4333 943 4403 interpretatus’,
963 4365 997 4373 -
1022 4333 1049 4388 in
1068 4334 1142 4388 Eccl.
1165 4339 1177 4388 1
1207 4333 1257 4388 col.
1278 4339 1330 4388 392
1366 4320 1537 4403 ‘neptunu-

253 4413 348 4488 le'l·‚
368 4423 440 4492 quod
459 4423 487 4477 in
507 4421 694 4478 distentionem
714 4423 814 4477 latinus
833 4423 964 4491 interpres
983 4423 1132 4492 expressit'.

343 4512 370 4580 *j
397 4512 537 4565 Monemus
562 4512 699 4581 lectorem,
722 4512 757 4566 ad
784 4512 851 4564 hoce
874 4512 1021 4581 capitulum
1046 4530 1109 4566 non
1131 4512 1263 4582 pertinere
1287 4513 1313 4566 id
1332 4514 1403 4582 quod
1422 4513 1538 4568 diductis

253 4601 297 4656 uel
316 4599 431 4669 obliquis
450 4599 534 4654 literis
555 4599 582 4654 in
601 4600 652 4654 lroc
670 4599 761 4655 libello
779 4599 927 4668 significari
944 4601 1125 4670 praediximus
1143 4619 1170 4672 p.
1192 4606 1204 4656 1
1225 4618 1265 4671 sq.
