3458 5306
837 383 998 480 ffi-

276 588 352 650 sunt
389 584 544 669 indiculo,
585 607 677 670 quem
717 590 791 656 huic
824 591 935 661 libello
970 594 1187 676 superaddere
1221 611 1280 658 nos
1318 610 1413 674 posse
1453 611 1565 673 spera-

277 693 357 740 mus,
412 675 474 741 Sed
513 676 543 741 in
584 678 848 759 complementum
890 685 1049 765 quoddam
1080 682 1278 748 uocabularii
1310 682 1413 746 nostri
1448 681 1571 748 Hiero.

275 763 418 847 nymiani
442 765 585 847 exempla
608 786 722 833 uocum
746 772 1019 851 nouiciarum,
1046 792 1125 855 quas
1142 790 1212 836 eum
1229 771 1315 852 apud
1332 772 1564 854 Hieronymum

276 871 353 918 non
385 854 666 920 animaduerterim
698 860 784 934 apud
808 861 1002 927 Rufinum
1034 863 1166 927 inuenta
1195 861 1405 940 enotauimuS,
1439 861 1563 940 eodem,

276 959 339 1023 quo
363 943 624 1026 Hieronymiana,
655 949 749 1013 modo
781 949 917 1034 digesta,
950 971 1007 1017 nec
1031 971 1093 1017 non
1119 951 1228 1015 eadem
1254 951 1482 1031 compendiosa
1506 969 1566 1031 per

275 1031 442 1097 literarum
474 1033 594 1099 formas
626 1055 703 1101 usus
735 1037 942 1106 distinctione
974 1040 1051 1124 (nisi
1082 1040 1167 1121 quod
1191 1038 1423 1120 pinguiusculis
1448 1039 1566 1104 dehinc

276 1121 514 1205 abstinuimus),
546 1123 630 1188 infra
662 1126 889 1209 descripsimus
914 1147 978 1215 (non
1002 1146 1173 1199 admittentes
1196 1145 1251 1198 fere
1278 1161 1332 1213 eas,
1358 1161 1424 1212 quas
1444 1145 1471 1198 iu
1491 1145 1518 1198 S.
1537 1143 1565 1198 S.

276 1229 329 1281 uet.
348 1226 496 1282 sclebamus
516 1245 581 1298 esse,
600 1231 696 1285 nedum
716 1248 769 1302 eas,
788 1251 854 1301 quas
873 1235 1000 1304 inVulg,
1020 1234 1143 1303 pauculis
1162 1239 1252 1288 tamen
1271 1233 1398 1305 exceptis
1417 1249 1484 1301 quas
1503 1250 1565 1287 curn

276 1316 416 1385 perpaucis
444 1317 599 1385 quibusdam
629 1319 690 1374 aliis
714 1338 776 1398 non·
791 1325 898 1392 proprie
921 1340 953 1378 ae
978 1324 1057 1392 plane
1081 1323 1206 1392 nouiciis,
1239 1329 1332 1377 notatu
1360 1329 1450 1376 tamen
1477 1321 1565 1388 dignis

278 1405 416 1460 distinctas
435 1407 589 1462 minusculis
607 1408 699 1464 formis
717 1427 766 1479 per
783 1428 880 1478 genera
899 1413 1004 1482 singula
1022 1413 1273 1481 superadiecimus):

367 1550 538 1617 alternatio
570 1549 680 1640 (App,
706 1553 800 1641 Am.)
833 1556 921 1637 Orig.
954 1559 987 1622 in
1012 1559 1105 1623 Cant.
1130 1557 1178 1622 lll
1208 1577 1239 1639 p.
1264 1563 1305 1622 48
1338 1557 1564 1624 Lommatzsch

277 1639 403 1704 falisci
427 1642 541 1721 (grano
566 1642 701 1728 sinapis)
732 1647 900 1725 composita
923 1653 968 1712 est
992 1647 1157 1712 affectatio
1180 1652 1322 1725 caturae,
1354 1653 1390 1711 ot
1412 1667 1481 1711 com
1504 1646 1565 1710 mi-

277 1943 453 2012 Augustinus)
460 1964 467 2014 3
487 1975 521 1984 —
545 1945 682 2014 aliquanti
700 1946 738 2014 (p.
757 1947 814 2017 85),
840 1954 870 2001 nt
888 1950 959 2017 apol.
978 1951 1000 2018 l,
1020 1953 1064 2018 23,
1085 1952 1128 2016 40,
1149 1954 1194 2018 41,
1220 1949 1247 2002 iu
1267 1949 1310 2004 Ps.
1330 1953 1364 2003 36
1383 1949 1410 2002 h.
1430 1953 1455 2017 1,
1475 1948 1562 2017 251.;

280 2063 310 2071 —
332 2033 359 2086 ll
372 2032 493 2087 fortassis
517 2032 614 2102 (Scrut.
632 2051 659 2103 p.
679 2036 740 2104 71),
769 2042 799 2089 ut
822 2037 894 2092 Hier.
919 2038 980 2092 adu.
1004 2037 1093 2092 Rufio.
1118 2039 1155 2109 ll,
1174 2043 1191 2093 8
1217 2035 1347 2092 ‘fortassis
1371 2044 1397 2089 et
1421 2037 1565 2090 nonnullos

276 2120 363 2187 alios',
383 2136 462 2189 saepe
480 2121 582 2192 Rufio,
606 2130 636 2177 ut
656 2122 682 2176 in
703 2124 779 2180 Rom.
798 2127 834 2195 ΙΙ,
855 2130 872 2180 8
891 2126 1065 2181 ‘fortassis
1085 2133 1119 2198 et,
1139 2128 1209 2196 quod
1228 2129 1301 2181 Deus
1319 2143 1387 2180 unus
1406 2133 1511 2180 creator
1530 2125 1566 2179 sit

277 2210 401 2280 omniurn,
425 2211 554 2279 somptum
577 2214 667 2266 estin
692 2214 817 2275 cordibus
840 2216 978 2286 gentium’,
1003 2217 1030 2269 in
1054 2217 1097 2271 Ps.
1117 2219 1151 2270 38
1170 2216 1197 2271 h.
1219 2221 1242 2286 1,
1262 2219 1279 2270 8
1304 2216 1352 2270 ‘ita
1377 2215 1498 2269 fortassis
1524 2221 1565 2268 est

275 2300 347 2354 uitae
366 2301 582 2356 nostrae..finis
600 2302 717 2370 quidam,
737 2310 846 2372 propter
865 2321 942 2374 quem
962 2312 1090 2372 geruntur
1109 2307 1205 2374 omnia,
1227 2321 1295 2374 quae
1314 2311 1442 2371 geruntur
1461 2307 1489 2357 in
1507 2304 1566 2358 uita

276 2387 385 2458 nostra’,
411 2389 438 2441 in
457 2389 533 2444 Rom.
553 2391 574 2457 l,
595 2394 620 2459 3,
639 2391 690 2461 III,
711 2395 736 2461 4,
760 2392 787 2445 in
806 2393 893 2448 Exod.
913 2393 939 2448 b.
959 2398 985 2464 8,
1005 2400 1030 2460 3,
1056 2394 1083 2447 in
1103 2394 1191 2448 Leuit.
1210 2394 1237 2447 lr.
1258 2397 1283 2461 5,
1306 2398 1330 2462 3,
1350 2393 1377 2446 in
1396 2392 1472 2446 Cant.
1490 2392 1517 2446 ΙΙ
1536 2409 1563 2461 p.

276 2482 328 2532 412
339 2519 347 2532 .
358 2519 365 2533 .
376 2477 572 2548 (indifferenter
591 2479 751 2533 coniunctim
772 2486 808 2535 ‘et
825 2481 946 2537 fortassis
957 2524 964 2537 .
975 2522 982 2537 .
993 2490 1019 2536 et
1037 2483 1167 2537 fortasse.
1179 2480 1195 2535 .’
1216 2481 1243 2534 in
1263 2482 1338 2534 Cant.
1351 2481 1392 2534 ΙΙΙ
1410 2498 1437 2549 p.
1450 2480 1511 2550 48);
1528 2511 1563 2519 —

276 2573 306 2622 2α
325 2568 399 2622 iuxta
422 2583 482 2635 pro
506 2569 651 2623 secundum
675 2570 721 2638 (cf.
741 2570 847 2624 interim
865 2573 945 2626 Hand
963 2573 1041 2626 Turs.
1060 2573 1100 2625 lll
1119 2589 1145 2640 p.
1165 2571 1243 2640 042),
1268 2587 1320 2638 quo
1346 2570 1393 2623 nix
1417 2570 1564 2637 quidquam

275 2674 318 2726 ap.
338 2657 411 2712 Hier.
430 2657 609 2727 frequentius,
635 2658 720 2712 ueluti
745 2674 767 2713 e.
792 2675 816 2714 c.
834 2660 895 2715 adu.
915 2661 1005 2715 Jouin.
1024 2663 1058 2730 ll,
1079 2665 1112 2714 33
1136 2659 1243 2726 ‘singuli
1267 2659 1361 2713 iuxta
1384 2659 1454 2713 uires
1478 2657 1562 2726 suas',

275 2762 317 2814 ep.
336 2749 381 2815 96,
401 2751 416 2800 7
444 2744 474 2799 ‘si
499 2745 574 2800 iuxta
593 2745 714 2814 Origenis
733 2747 862 2802 insaniam
874 2788 880 2801 .
892 2789 898 2802 .
911 2747 1009 2802 Christi
1033 2765 1143 2816 regnum
1169 2754 1209 2802 est
1232 2747 1396 2818 finiendum’,
1420 2764 1462 2816 ep.
1481 2751 1526 2814 52,
1547 2750 1564 2800 4

273 2834 361 2888 ‘iuxta
379 2834 536 2901 prophetam
555 2835 723 2890 Zachariam'
735 2877 741 2890 .
753 2877 774 2906 .,
795 2854 838 2906 ap.
857 2837 946 2891 Rufin.
965 2838 1053 2892 adhuc
1072 2855 1124 2892 non
1144 2838 1243 2906 inueni,
1271 2853 1320 2891 nec
1343 2838 1426 2905 magis
1451 2837 1564 2905 imprae

275 2922 433 2992 sentiarum,
461 2921 732 2990 frequentatissimum
757 2932 784 2978 et
802 2926 889 2994 ipsum
914 2927 1090 2996 Hieronymo,
1120 2940 1151 2980 ut
1178 2944 1201 2982 5.
1225 2943 1248 2981 o.
1273 2927 1301 2980 in
1324 2927 1399 2982 Hoel.
1424 2930 1439 2980 3
1464 2943 1490 2994 p.
1509 2929 1563 2979 409

276 3012 465 3081 ‘plangendum
484 3018 524 3065 est
543 3013 869 3086 impraesentiarum,
888 3021 917 3069 nt
935 3022 1028 3084 postea
1046 3017 1143 3070 saltare
1162 3016 1320 3085 ualeamus’,
1340 3017 1402 3070 Did.
1416 3015 1481 3084 spir.
1496 3021 1564 3068 snct.

275 3105 309 3156 59
328 3101 398 3154 ‘eum
416 3101 662 3169 impraesentiarum
682 3103 720 3172 (h.
735 3119 757 3157 e.
777 3103 803 3156 in
819 3104 877 3158 loco
893 3105 974 3157 Amos
989 3108 1013 3174 4,
1032 3105 1076 3173 12)
1096 3105 1207 3174 spiritus
1226 3121 1321 3158 nornen
1341 3111 1449 3158 uentum
1469 3104 1565 3166 sonet’‚

276 3222 308 3230 -
328 3205 361 3244 ne
381 3189 503 3261 forsitan,
523 3191 545 3244 si
564 3191 689 3262 forsitan,
714 3199 745 3246 ut
768 3192 829 3248 adu.
848 3193 930 3261 Vigil.
952 3198 984 3246 13
1010 3193 1149 3248 ‘confiteor
1172 3194 1294 3248 timorem
1313 3210 1411 3260 meum,
1436 3209 1473 3246 ue
1497 3192 1564 3246 for·

275 3280 364 3334 sitan
383 3280 416 3334 de
435 3279 529 3334 timore
548 3280 710 3351 descendat',
730 3281 757 3334 in
777 3283 876 3336 Erech.
896 3284 920 3336 V
939 3283 974 3337 ad
995 3287 1085 3352 17,19
1104 3301 1163 3353 sqq.
1183 3285 1218 3339 ‘si
1237 3283 1385 3338 forsitan
1404 3282 1437 3335 ob
1455 3281 1565 3351 aliquod

274 3374 413 3436 peccatum
426 3369 459 3422 de
479 3370 557 3424 domo
572 3370 622 3422 Dei
643 3370 773 3438 eicimur’,
793 3372 945 3427 huiusmodi
966 3373 1068 3426 absol.
1089 3375 1126 3441 (p.
1142 3375 1197 3443 80),
1216 3389 1296 3442 porro
1319 3389 1451 3440 nusquam
1470 3386 1566 3424 trucem

273 3457 507 3511 familiarissimam
521 3457 709 3527 Hieronymo*
720 3459 863 3514 laciniosus
875 3461 913 3528 (p.
924 3461 970 3530 52)
981 3461 1084 3530 etalio,
1096 3491 1129 3500 -
1141 3465 1170 3514 2ὁ
1186 3464 1298 3517 necdum
1308 3478 1356 3529 pro
1367 3462 1485 3515 nondum
1496 3460 1566 3529 (Sor.

274 3564 301 3615 p.
321 3550 356 3601 64
375 3563 414 3615 sq.
435 3553 461 3600 et
482 3547 541 3614 11³³,
563 3548 601 3602 ill.
621 3566 647 3616 p.
667 3551 740 3617 599),
757 3566 817 3602 cum
836 3567 879 3618 ap.
894 3549 968 3603 Hier.
983 3565 1174 3619 usquequaque
1193 3550 1301 3604 obuium
1316 3551 1360 3616 sit,
1380 3555 1410 3603 ut
1428 3565 1451 3602 e.
1465 3564 1489 3602 c.
1502 3549 1565 3603 adu.

274 3636 365 3691 Jouin.
378 3637 400 3705 1,
420 3641 455 3690 47
471 3638 541 3690 ‘cum
559 3637 624 3690 milri
644 3638 766 3692 mulieres
786 3638 909 3706 Apostoli
929 3639 1052 3706 ingerant
1070 3639 1264 3703 auctoritatem,
1284 3644 1317 3692 51
1336 3639 1475 3692 necdum
1494 3638 1566 3692 elato

274 3726 366 3778 funere
375 3725 471 3793 prioris
482 3725 533 3779 uiri
544 3725 676 3792 digamiae
685 3734 829 3795 praecepta
840 3727 999 3798 decantent',
1013 3729 1084 3796 apud
1095 3727 1222 3782 Rufinum
1235 3727 1282 3781 uix
1293 3744 1406 3796 usquam
1418 3727 1565 3796 inuenitur,

275 3813 325 3868 nisi
346 3819 434 3868 tamen
454 3814 481 3868 in
500 3815 575 3869 Cant.
594 3816 635 3868 III
654 3833 681 3884 p.
701 3819 735 3869 28
759 3816 844 3886 ‘ist0s,
869 3817 915 3884 qui
938 3815 995 3868 solo
1020 3817 1101 3870 odore
1119 3816 1235 3882 gaudent
1254 3823 1286 3868 et
1304 3815 1443 3869 necdum
1462 3815 1566 3870 fructus

274 3900 337 3955 fidei
356 3902 489 3972 afferunt’,
513 3919 574 3957 nam
597 3905 665 3972 prol.
685 3905 712 3957 in
732 3905 806 3958 Cant.
829 3921 855 3972 p.
874 3908 926 3958 320
951 3905 1008 3957 ‘rex
1032 3920 1089 3958 esse
1113 3903 1210 3958 dicitur
1235 3904 1263 3956 in
1281 3904 1379 3973 Israel,
1403 3905 1517 3958 necdum
1537 3905 1565 3957 iu

274 3991 450 4046 Hierusalem’
475 3993 587 4047 necdum
610 3993 718 4047 uidetur
741 4009 798 4046 esse
817 4019 851 4037 =
869 3994 915 4047 sed
940 3995 1072 4064 nondum;
1093 4025 1126 4032 —
1152 3994 1309 4047 alterutrum
1334 3994 1420 4047 instar
1442 4010 1565 4062 pronam.

274 4081 446 4150 reciproci
475 4084 513 4152 (p.
534 4084 580 4153 79)
605 4083 646 4138 bis
671 4100 713 4150 ap.
733 4082 821 4136 aufin.
846 4083 937 4137 inueni
962 4085 989 4136 in
1014 4084 1091 4137 Rom.
1117 4084 1167 4152 III,
1192 4087 1208 4136 0
1233 4083 1279 4137 ‘ita
1301 4084 1336 4137 ad
1362 4083 1565 4136 alterutrum

276 4170 386 4241 dicunt',
406 4171 434 4225 in
452 4172 540 4242 Symb.
559 4189 600 4241 pr.
619 4176 645 4240 2,
665 4171 722 4240 ipse
740 4171 904 4239 pronominis
919 4188 973 4240 pro
1001 4171 1070 4224 idem
1094 4171 1216 4225 abusioni
1235 4170 1317 4224 multo
1337 4187 1418 4238 quam
1431 4171 1505 4225 Hier.
1525 4173 1565 4240 (p.

275 4261 332 4329 87),
353 4262 544 4330 temperantius
563 4277 595 4316 ac
613 4262 699 4314 rarius
720 4260 861 4314 indulsisse
880 4260 1015 4330 Rufinum,
1034 4267 1064 4313 ut
1082 4262 1108 4313 in
1130 4262 1206 4314 Cant.
1221 4261 1247 4313 II
1260 4278 1286 4329 p.
1302 4265 1352 4315 371
1374 4261 1453 4329 ‘ipse
1472 4277 1565 4315 nume·

276 4365 321 4404 rus
340 4365 470 4404 annornm
490 4352 528 4420 (b.
548 4367 570 4405 e.
592 4352 655 4421 120)
675 4357 702 4404 51
721 4350 804 4404 blesis
822 4349 894 4404 uitae
913 4349 984 4420 fuit’,
1004 4351 1032 4402 in
1051 4351 1126 4403 Rom.
1146 4351 1207 4416 Vll,
1231 4354 1256 4417 1,
1281 4349 1308 4403 1ιι
1326 4350 1407 4404 Num.
1427 4350 1454 4403 h.
1476 4355 1517 4421 17,
1538 4355 1563 4436 3,

275 4438 387 4493 fortasse
415 4439 442 4492 in
472 4440 546 4494 Rom.
570 4441 618 4508 IV,
643 4443 668 4509 2,
694 4439 721 4493 11
745 4438 831 4507 ipsum
859 4439 885 4490 in
914 4439 989 4492 Rom.
1014 4439 1080 4508 VII,
1108 4443 1124 4491 2
1149 4439 1229 4506 ‘quod
1254 4437 1330 4493 addit
1355 4437 1451 4492 ‘Abba'
1476 4439 1514 4506 (h.
1540 4457 1563 4493 e.

276 4527 347 4594 quod
371 4525 436 4581 dicit
459 4527 535 4582 Rom.
559 4531 637 4597 8,15
662 4527 747 4596 Abba,
772 4527 863 4596 Pater)
886 4527 988 4596 patriae
1007 4526 1113 4593 linguae
1133 4529 1262 4581 uocabulo
1281 4527 1425 4596 idipsum
1445 4527 1563 4599 iteruuit,

276 4617 351 4671 uelut
368 4615 391 4671 si
406 4616 529 4673 dixisset:
556 4617 654 4688 ‘Pater,
675 4615 788 4687 Paterl',
808 4615 891 4672 etsie
909 4615 972 4672 alia.
