3458 5306
836 381 996 476 —1—50—

275 592 524 683 Hieronymi
550 614 625 663 cum
653 593 789 682 ceteris,
817 615 906 684 quae
932 595 1077 667 subinde
1104 597 1248 668 collecta
1273 598 1342 668 iam
1370 598 1454 669 alibi
1485 598 1560 688 ple-

274 733 382 803 raque
408 711 636 801 exhibuimus,
670 713 735 783 hoc
769 713 855 803 loco,
895 714 1077 803 temporis,
1117 716 1235 804 prouti
1267 718 1397 806 potuit,
1438 717 1561 790 ordine

274 838 424 921 seruato,
453 833 725 920 composuimus:
754 833 896 922 Lampr.
924 832 1025 905 Alex.
1050 839 1097 906 43
1126 856 1180 906 ex.
1206 837 1433 908 ‘consulentes
1461 859 1560 910 sacra

274 959 519 1042 reppererant,
564 974 681 1024 omncs
711 952 917 1025 christianos
949 955 1143 1043 futuros,
1187 957 1216 1026 si
1251 956 1286 1026 id
1326 958 1482 1044 fecisset,
1524 963 1561 1028 et

274 1072 405 1161 templa
428 1072 563 1161 reliqua
587 1072 850 1144 deserenda’
885 1074 922 1154 (i.
953 1073 1127 1145 desertum
1154 1074 1224 1164 iri),
1252 1076 1342 1164 Vop.
1371 1076 1480 1147 Tacit.
1515 1082 1558 1147 12

276 1193 322 1262 ‘in
347 1193 525 1282 antiquum
551 1198 679 1264 statum
706 1192 838 1265 redisse
865 1215 950 1265 rem.
978 1216 1025 1283 p.,
1064 1195 1157 1282 leges
1192 1217 1213 1266 a
1248 1203 1370 1268 senatu
1401 1204 1561 1285 peteu-

275 1312 362 1400 das,
391 1334 490 1402 reges
516 1313 685 1384 barbaros
714 1315 849 1384 senatui
874 1315 1227 1404 supplicaturos,
1256 1338 1374 1405 pacem
1402 1339 1441 1388 ac
1468 1317 1562 1389 bella

275 1439 397 1504 senatu
431 1439 571 1504 auctore
604 1433 871 1522 tractanda’,
914 1433 1029 1521 Spart.
1058 1435 1154 1506 Pesc.
1186 1439 1232 1507 10
1272 1438 1385 1509 ‘iussit
1422 1438 1561 1526 publice

275 1553 553 1626 commendarent
580 1551 750 1634 (nummos
776 1553 882 1642 suos),
910 1556 1085 1643 recepturi
1112 1564 1191 1644 post
1217 1559 1359 1646 proelia,
1386 1558 1479 1647 quod
1500 1558 1561 1630 de-

275 1675 409 1762 derant,
439 1674 578 1762 addens,
614 1673 737 1746 liberis
763 1682 856 1747 certe
889 1674 1173 1763 reddendum,
1209 1676 1263 1745 cui
1296 1678 1460 1749 uenisset’
1497 1682 1559 1763 (sc.

274 1795 351 1864 iure
368 1793 600 1882 hereditatis),
627 1791 740 1883 Capit.
764 1794 841 1865 Alb.
864 1797 884 1865 5
908 1794 1248 1866 ‘nobilitandum
1267 1796 1423 1878 (filiolum
1445 1795 1561 1880 suum)

275 1914 380 1985 etiam
405 1913 486 1983 hinc
512 1916 679 2002 speraus’,
699 1903 753 1984 id.
774 1915 955 1985 Maximin.
978 1919 1024 1986 22
1054 1917 1170 1986 ‘etiam
1190 1916 1291 1987 deum
1310 1919 1477 1989 Belenum
1496 1940 1562 2008 per

274 2035 474 2123 haruspices
506 2033 725 2122 respondisse
751 2035 979 2106 Maximinum
1012 2057 1111 2107 esse
1145 2037 1436 2126 uincendum’,
1467 2037 1560 2128 Vop.

275 2154 354 2226 Tac.
385 2158 406 2226 7
436 2157 524 2226 ‘cum
548 2174 666 2224 rumor
691 2155 898 2243 emersisset,
933 2156 1029 2226 illurn
1054 2159 1298 2247 imperatorem
1326 2181 1424 2230 esse
1450 2159 1562 2232 faci-

275 2275 440 2363 endum,
466 2275 625 2346 discessit
653 2281 757 2363 atquc
784 2275 820 2344 in
838 2273 970 2347 Baiano
989 2277 1122 2348 dnobus
1139 2279 1314 2349 mensibus
1332 2278 1421 2366 luit',
1443 2277 1559 2368 Spart.

273 2396 370 2469 Pesc.
400 2400 420 2467 3
451 2395 590 2467 ‘Seuero
618 2396 772 2485 (longum
806 2397 987 2486 imperium
1023 2395 1170 2486 deberi)
1205 2399 1264 2487 qui
1296 2398 1407 2488 magis
1440 2405 1561 2470 esset

274 2516 352 2586 odio
376 2515 615 2604 habendus,
654 2516 746 2605 quod
772 2516 936 2605 probauit
963 2521 1131 2604 euentus',
1169 2518 1271 2589 Treb.
1298 2520 1379 2608 trig.
1411 2525 1479 2609 tyr.
1511 2524 1555 2589 21

276 2637 490 2727 ‘quadrigae
518 2637 618 2726 quasi
645 2637 1008 2726 transferendae,
1045 2638 1130 2710 alibi
1155 2639 1289 2727 positae
1316 2642 1419 2728 sunt',
1448 2645 1483 2711 et
1510 2640 1561 2710 ita

274 2779 367 2847 saep.
396 2779 480 2828 sorr.
508 2757 590 2828 hist.
620 2757 722 2846 Aug,
750 2762 790 2828 nt
817 2755 933 2846 Spart.
962 2757 1071 2828 Hadr.
1103 2761 1136 2846 3,
1169 2762 1226 2847 10,
1252 2759 1323 2831 Jul.
1347 2763 1380 2846 3,
1409 2761 1442 2846 7,
1470 2757 1561 2830 Geta

276 2883 309 2967 3,
347 2882 380 2967 6,
416 2876 536 2949 (laroc.
567 2883 598 2966 l,
637 2882 670 2966 2,
703 2876 844 2966 Lampr.
874 2878 951 2948 Hel.
983 2883 1016 2965 9,
1050 2883 1082 2964 2,
1119 2876 1220 2948 Alex.
1251 2882 1333 2966 6,2
1373 2885 1408 2949 et
1440 2883 1494 2967 l3,
1526 2882 1559 2968 7,

275 2997 377 3090 Diad.
407 3003 440 3086 2,
476 3001 510 3086 8,
545 2996 658 3086 Capit.
689 2997 769 3068 Alb.
800 3001 833 3086 3,
874 3002 905 3086 l,
942 2995 1023 3067 Aut.
1051 2997 1140 3068 Phil.
1172 3003 1204 3086 6,
1241 3001 1274 3087 5,
1310 2998 1412 3070 Treb.
1438 2999 1560 3070 Valer.

275 3123 308 3208 8,
344 3123 378 3206 4,
412 3117 503 3190 Gall.
542 3123 599 3207 19,
636 3122 669 3207 7,
703 3120 786 3208 trig.
818 3123 875 3206 ll,
914 3121 947 3206 3,
986 3117 1075 3207 Vop.
1111 3119 1214 3188 Prob.
1246 3123 1305 3207 23,
1341 3123 1382 3206 3;
1412 3161 1461 3170 -
1486 3119 1560 3191 Jul.

274 3239 393 3311 Valer.
422 3241 468 3329 ΙΙ,
504 3245 524 3311 2
553 3241 661 3312 uerba
693 3240 750 3310 Ps.
777 3237 999 3311 Callisthenis
1033 3244 1342 3333 λέγει·αἰσθήσεται
1374 3247 1467 3332 ἡμῶν
1496 3255 1562 3308 τῶν

272 3370 467 3453 καθηγητῶν
488 3367 542 3429 καὶ
565 3364 798 3454 αἰδεσθήσεται
821 3367 912 3446 ὑμῶν
938 3365 996 3438 τοὶς
1023 3365 1114 3449 ὄψεις
1141 3362 1271 3444 βλέπων
1307 3355 1355 3425 sic
1388 3356 1561 3444 interpre-

273 3484 369 3548 tans:
407 3477 457 3548 ait
479 3499 665 3548 memorem
689 3478 786 3547 illum
811 3476 1004 3564 magisterii
1031 3475 1141 3544 uestri
1159 3529 1165 3543 .
1183 3530 1189 3544 .
1206 3483 1241 3545 et
1276 3474 1408 3563 pudore
1442 3477 1459 3546 f
1466 3476 1560 3547 lcc-

274 3597 452 3669 tendum
481 3604 517 3669 et
542 3598 739 3669 reuerentia
764 3595 1058 3666 molliendum
1089 3595 1274 3685 uultusque
1303 3597 1396 3684 ipsos
1423 3602 1562 3668 nostros

274 3719 414 3790 minime
440 3726 804 3808 aspernaturum3
830 3757 881 3766 -
908 3715 1020 3785 Amm.
1047 3714 1159 3802 XXV,
1188 3718 1222 3802 8,
1251 3719 1272 3787 9
1302 3716 1438 3805 ‘quibus
1464 3737 1562 3786 man-

274 3838 421 3910 dauerat
446 3840 618 3928 princeps,
646 3845 685 3910 ut
709 3837 940 3909 Lucillianum
968 3856 1123 3906 socerum
1154 3856 1251 3905 suum
1277 3855 1466 3924 properare
1484 3836 1562 3908 Me-

274 3960 448 4031 diolanum
475 3967 641 4049 urgerent
663 3980 719 4030 res
743 3958 1028 4030 firmaturum
1054 3955 1220 4043 ancipites
1240 3961 1285 4043 et,
1313 3956 1341 4025 si
1362 3977 1460 4028 casus
1479 3957 1562 4026 noui

278 4235 311 4285 14
332 4231 357 4285 ‘a
376 4229 484 4301 passiuo
503 4229 566 4298 duo,
586 4227 723 4299 praeteriti
740 4227 867 4296 temporis
886 4234 913 4282 et
931 4227 1024 4293 futuri,
1051 4233 1082 4280 ut
1103 4227 1197 4297 lectus,
1217 4226 1363 4296 legendus’,
1388 4228 1491 4283 Prisc.
1511 4229 1561 4298 XI,

275 4323 310 4374 28
329 4337 355 4388 p.
375 4323 427 4374 567
446 4319 480 4374 H.
505 4317 599 4372 ‘futuri
622 4333 704 4371 unum
727 4317 844 4371 actiuum
869 4317 897 4371 in
920 4333 977 4370 -rus
1001 4317 1140 4385 desinens,
1165 4323 1196 4370 ut
1213 4317 1411 4386 criminaturus
1434 4324 1461 4371 et
1478 4335 1562 4372 uuum

274 4408 411 4478 passiuum
430 4407 458 4462 in
476 4407 546 4477 -dus,
565 4414 595 4461 ut
613 4405 814 4476 criminandus’,
840 4405 940 4460 addens
958 4405 1103 4474 participia
1122 4405 1150 4459 in
1169 4405 1230 4460 -dus
1250 4406 1398 4461 desinentia
1417 4407 1498 4462 etiam
1515 4423 1563 4460 no·

273 4498 347 4554 mina
376 4513 434 4552 esse
463 4512 554 4567 posse,
583 4512 643 4551 cum
671 4495 795 4551 amittant
825 4502 948 4565 tempus,
981 4501 1011 4548 ut
1042 4494 1171 4550 amandus
1199 4482 1217 4542 ὁ
1243 4479 1507 4567 φιληθησόμενος
1534 4503 1562 4552 et

274 4590 292 4652 d
315 4586 462 4675 φιλητέος
481 4611 532 4659 etc,
