3480 5304
821 381 981 477 gr—

258 614 405 683 persona
431 593 590 682 alicuius,
626 601 665 664 ut
691 615 719 663 c.
746 592 865 683 Pelag.
894 593 938 682 11,
962 597 988 673 ,2
1028 596 1105 664 ‘non
1133 615 1174 664 ex
1202 613 1264 664 sua
1296 613 1444 682 persona
1478 592 1542 662 hoc

258 714 351 802 dicit,
380 713 441 785 sed
461 736 510 785 ex
533 714 887 804 personageneris
913 713 1076 803 humani’,
1105 714 1151 784 ib.
1182 718 1215 801 3,
1236 713 1283 783 ib.
1312 716 1332 782 5
1362 713 1541 784 ‘Dominus

258 833 338 904 sub
362 854 555 922 persona
580 833 750 923 assumpti
776 833 924 904 hominis
950 832 1128 924 loquitur'.

348 953 493 1044 *pignus
527 953 643 1023 instar
673 952 764 1024 tilius
794 953 851 1024 uel
880 952 952 1025 filia
987 954 1040 1048 (M
1065 976 1098 1044 p.
1130 955 1218 1044 600)
1253 975 1308 1043 ep.
1339 957 1398 1042 32,
1430 960 1446 1025 l
1487 953 1540 1025 ‘ad

258 1094 410 1144 sororem
438 1080 532 1144 tuam
559 1073 701 1145 Paulam
730 1075 872 1163 eiusque
902 1075 1062 1164 pignus
1093 1074 1342 1146 Eustochium’.

348 1194 466 1283 *plebs
498 1194 578 1265 eccl.
608 1192 796 1266 Gemeinde
831 1191 950 1288 (Gypr.
979 1216 1032 1284 ep.
1058 1197 1118 1282 46,
1147 1200 1166 1264 2
1194 1195 1286 1265 clero
1309 1201 1345 1266 et
1368 1194 1476 1284 plebi)
1511 1215 1539 1266 c.

257 1313 375 1384 Ioann.
409 1319 449 1385 11
483 1315 571 1404 ‘quis
597 1315 661 1386 hoc
687 1335 837 1404 unquam
864 1313 1066 1404 presbytero
1094 1335 1155 1384 suo
1182 1334 1296 1385 coram
1322 1313 1452 1403 plebe
1479 1315 1541 1385 im-

256 1434 394 1522 perauit
420 1435 650 1523 episcopusl’,
688 1435 723 1504 in
751 1432 828 1506 Gal.
854 1434 889 1504 II
916 1433 960 1505 ad
988 1437 1023 1521 4,
1053 1437 1097 1505 17
1123 1453 1186 1522 sq.,
1218 1434 1369 1522 itemque
1394 1434 1542 1522 populus

256 1552 335 1624 adu.
363 1553 475 1624 Lucif.
503 1557 525 1624 4
562 1556 633 1625 ‘aut
657 1555 852 1642 episcopum
879 1573 954 1624 curn
988 1554 1152 1643 populo
1178 1554 1386 1642 recipimus.
1404 1609 1433 1642 .,
1469 1560 1540 1641 aut,

256 1672 288 1741 si
315 1672 511 1762 episcopum
538 1694 604 1744 non
630 1675 834 1762 recipimus,
873 1675 998 1744 scimus
1034 1674 1137 1745 etiam
1170 1672 1269 1744 nobis
1296 1674 1458 1762 populum
1487 1695 1542 1744 re-

258 1793 451 1881 iciendum’,
478 1793 557 1864 adu.
586 1792 693 1882 vigil.
725 1797 744 1864 5
774 1796 923 1865 omnium
950 1793 1171 1865 ecclesiarum
1198 1793 1328 1882 populi.

347 1912 524 2002 *plerique
550 1914 574 1983 i.
603 1914 714 2000 multi,
750 1914 929 2003 magisque
955 1916 978 1986 i.
1006 1915 1210 2004 complures,
1246 1913 1387 2004 aliquot,
1423 1935 1542 1984 seeun-

257 2033 337 2103 dum
369 2035 599 2122 posteriorum
638 2054 850 2123 quorumque
887 2035 1184 2124 consuetudinem,
1224 2055 1263 2106 ac
1294 2034 1440 2123 proinde
1469 2034 1542 2124 ple-

257 2173 402 2241 rumque
428 2153 451 2222 i.
480 2175 721 2243 nonnunquam
746 2155 801 2244 (cf.
830 2153 896 2224 HA
925 2178 958 2245 p.
991 2153 1176 2245 129106.
1207 2176 1235 2224 c.
1262 2154 1341 2226 adu.
1370 2154 1486 2225 Jouin.
1513 2153 1542 2241 1,

261 2276 306 2343 10
336 2274 382 2344 ‘et
408 2294 496 2343 nunc
520 2273 763 2363 pleraeque
801 2280 1055 2346 contemnentes
1082 2275 1230 2364 apostoli
1257 2274 1439 2344 iussionem
1467 2274 1543 2344 iun·

258 2399 387 2482 guntur
413 2393 623 2482 gentilibus’,
650 2415 704 2482 ep.
734 2397 816 2482 130,
845 2398 891 2466 17
919 2394 1017 2466 ‘solet
1043 2395 1134 2466 inter
1159 2395 1342 2484 plerosque
1370 2415 1443 2465 osse
1469 2414 1543 2465 cer-

257 2520 383 2600 tarnen,
405 2519 521 2583 utrum
541 2495 698 2584 solitaria
717 2534 759 2584 an
780 2534 855 2584 cum
874 2515 992 2586 multis
1012 2515 1085 2586 uita
1108 2515 1230 2586 melior
1249 2515 1317 2602 sit’,
1337 2514 1417 2585 adu.
1433 2514 1540 2603 Vigil.

259 2637 280 2703 0
311 2634 357 2702 ‘et
388 2633 424 2702 in
461 2632 592 2722 uigiliis
620 2633 772 2705 Paschae
807 2635 876 2706 tale
903 2634 986 2724 quid
1012 2633 1088 2705 fieri
1121 2636 1377 2724 plerumque
1404 2635 1543 2705 conuin-

258 2753 363 2836 citur,
401 2759 437 2823 et
469 2759 584 2824 tamen
616 2775 858 2842 pancorum
897 2755 998 2844 culpa
1029 2776 1095 2825 non
1120 2755 1336 2844 praeiudicat
1358 2755 1542 2844 religioni’.

347 2872 534 2961 *proelium
563 2895 625 2962 pro
652 2875 780 2945 bellum
809 2876 864 2966 (cs.
893 2875 932 2944 M
958 2897 991 2964 p.
1014 2875 1101 2964 600)
1128 2882 1247 2946 noster
1277 2895 1412 2964 quoque
1443 2875 1541 2961 dixit,

258 3000 297 3063 ut
329 2992 484 3081 uidetur,
522 3015 602 3083 quu.
631 2993 727 3064 hebr.
758 2996 795 3065 in
822 2993 907 3067 Gen.
942 2998 1048 3082 10,2
1087 2996 1167 3066 ‘scio
1199 2993 1367 3084 quendam
1401 2991 1478 3081 Gog
1508 3001 1544 3065 et

259 3112 390 3202 Magog
414 3111 457 3184 ad
485 3110 676 3185 Gothorum
704 3136 814 3204 nuper
840 3116 875 3185 in
902 3122 998 3186 terra
1024 3121 1143 3185 nostra
1171 3113 1407 3186 bacchantium
1435 3114 1543 3185 hislo-

257 3233 344 3302 riam
370 3233 541 3321 retulisse,
570 3234 660 3324 quod
684 3242 800 3305 utrum
828 3255 947 3305 uerum
971 3234 1017 3304 sit
1042 3234 1209 3322 proelii
1235 3235 1344 3323 ipsius
1362 3233 1429 3305 fine
1448 3255 1543 3304 mon-

152 3338 157 3345 ’
259 3354 402 3423 stratur’
423 3353 468 3424 al.
509 3353 620 3443 Locis,
649 3376 734 3444 quos
762 3354 1085 3443 demonstrauimus,
1114 3353 1271 3425 addimus
1301 3355 1439 3426 interim
1461 3355 1543 3425 hm·

260 3472 327 3561 pel.
359 3477 417 3562 14,
449 3476 481 3561 5,
510 3474 690 3564 chronogr.
718 3475 878 3546 Momms.
903 3497 937 3565 p.
969 3478 1053 3562 644,
1085 3478 1142 3561 11,
1170 3473 1263 3545 Vict.
1292 3473 1390 3545 Caes.
1421 3478 1480 3563 26,
1509 3477 1541 3545 1.

349 3614 453 3682 prosa
481 3594 554 3665 abs.
582 3598 642 3688 (sc.
663 3596 789 3685 oratio)
817 3596 932 3667 chron.
962 3593 1045 3665 Eus.
1066 3615 1120 3683 pr.
1142 3592 1297 3666 ‘eundem
1325 3593 1542 3687 (Homerum)

261 3714 296 3784 in
323 3734 385 3784 sua
411 3713 531 3803 lingua
559 3736 724 3804 prosae
750 3716 867 3788 uerbis
894 3717 1166 3805 interpretetur',
1195 3714 1274 3785 adu.
1301 3714 1417 3785 Jouin.
1447 3713 1491 3800 ll,
1520 3716 1541 3784 6

262 3832 368 3920 ‘legat
392 3833 451 3922 qui
478 3834 554 3904 uult
580 3833 805 3906 Aristotelem
831 3841 866 3906 et
893 3835 1167 3925 Theophrastum
1194 3855 1308 3924 prosa,
1338 3834 1542 3905 Marcellum

348 4162 375 4231 *)
399 4161 484 4230 Quam
508 4161 728 4230 significationem
753 4163 800 4217 uix
823 4163 875 4217 erit
896 4162 943 4231 qui
966 4178 1020 4217 non
1044 4162 1142 4217 habeat
1159 4160 1291 4229 cognitam
1316 4161 1469 4230 doctorum,
1493 4161 1539 4229 qui

258 4257 346 4306 autem
374 4252 544 4306 edisseruerit
566 4251 813 4320 sufficientibusque
840 4252 999 4306 testimoniis
1020 4250 1235 4320 comprobauerit
1259 4249 1359 4304 frustra
1382 4249 1542 4318 quaerimus.

259 4340 405 4395 Enimuero
424 4356 472 4394 nos
491 4357 597 4412 quoque
616 4342 674 4410 ipsa
692 4356 755 4395 usus
773 4340 926 4409 frequentia
944 4341 1118 4409 deterruerat,
1142 4339 1281 4407 quominus
1305 4338 1427 4407 exempla
1444 4339 1542 4406 passim

259 4430 340 4484 obuia
358 4431 386 4484 in
405 4431 569 4486 collectanea
588 4431 756 4486 referremus.
793 4429 866 4498 Ergo
887 4429 939 4483 iarn
958 4429 1050 4498 Solini,
1068 4431 1133 4483 Aur.
1153 4427 1277 4498 Victoris,
1303 4428 1375 4483 Coel.
1394 4428 1542 4498 Aureliani,

259 4518 356 4573 nedum
375 4520 496 4587 Gregorii
517 4520 618 4574 Turon.
637 4535 703 4588 quos
723 4519 850 4574 babemus
869 4519 936 4573 nibil
955 4519 1029 4574 iuuat
1047 4533 1182 4586 apponere
1201 4519 1281 4588 locos,
1301 4533 1360 4571 curn
1375 4517 1544 4589 Tertulliani,

258 4606 402 4677 Ammiani,
421 4607 564 4675 Augustini
582 4610 746 4677 impraesens
765 4623 934 4676 nequeamus.
