3458 5306
433 1176 525 1255 Apud
551 1173 582 1243 S.
607 1171 921 1270 calvaryajusquc
946 1170 1069 1241 Sotium
1102 1174 1285 1239 ueruluntnr
1317 1175 1457 1239 ciusdem
1483 1175 1624 1240 auctoris
1677 1206 1682 1283 ἱ

296 1293 304 1304 ’
343 1281 416 1345 libri
439 1283 493 1363 qui
518 1288 712 1363 sequuntur:
1181 1353 1183 1358 ¹
1678 1290 1682 1371 g

343 1458 491 1542 Pauokcr,
516 1456 558 1541 0.,
583 1459 786 1540 Spicilegium
811 1459 1029 1524 addendorum
1052 1458 1161 1524 lexicis
1186 1458 1304 1525 latinis.
1356 1467 1448 1526 1875.
1495 1465 1556 1524 l10
1581 1461 1625 1526 M.

343 1607 448 1612 --—-
472 1568 708 1632 meletematum
726 1565 980 1631 lexistoricorum
998 1567 1168 1645 specimen.
1199 1567 1309 1631 Editio
1327 1569 1502 1648 appendice
1519 1575 1626 1633 aucta.
1678 1644 1682 1679 Ι

1516 1679 1555 1740 *4
1581 1677 1626 1740 M.
1677 1722 1682 1737 .

343 1821 449 1828 —--————
472 1784 677 1848 meletemata
701 1781 883 1845 loxistoricn
908 1780 1021 1847 altera.
1516 1784 1555 1845 *6
1581 1783 1626 1848 M.
1675 1744 1682 1847 i

342 1929 448 1936 --ψ
472 1891 671 1954 subindenda
701 1888 810 1952 lexicis
841 1887 951 1952 latinis
983 1907 1001 1952 a
1032 1890 1137 1970 quinti
1161 1889 1363 1970 potissimum
1390 1907 1418 1970 p.
1446 1887 1482 1954 0.
1506 1891 1629 1954 saeculi

472 1995 691 2076 scriptoribus.
743 1999 836 2059 1872.
1517 2001 1555 2058 *3
1583 1997 1629 2061 M.

342 2141 447 2148 —---
472 2103 715 2168 subrelictorum
740 2101 996 2182 lexicographiao
1021 2100 1139 2166 latinae
1163 2105 1366 2178 scrutarinm.
1394 2107 1489 2168 1879.
1518 2108 1556 2165 ÷÷3
1584 2105 1630 2168 M.

342 2251 448 2256 ——
472 2211 750 2276 Dielateiniscben
768 2209 973 2273 Deminutiva
990 2206 1047 2272 auf
1060 2207 1221 2275 einlaches
1238 2209 1332 2288 ulus,
1350 2210 1430 2291 ula,
1448 2210 1546 2274 -ulum
1567 2213 1630 2275 mit

472 2317 671 2396 Beiziebung
688 2317 745 2380 der
761 2311 891 2380 nomina
905 2313 1047 2379 verbalia
1058 2315 1332 2394 gleicblautender
1351 2317 1502 2398 Endung.
1531 2322 1633 2384 1880.

1378 2427 1415 2488 *l
1443 2425 1486 2491 M.
1511 2429 1551 2488 60
1580 2427 1633 2491 Pl.
1678 2370 1685 2529 Ι

505 2731 671 2780 Proditura
689 2732 762 2778 sunt
780 2729 921 2778 ciusdem
940 2731 1090 2778 auctoris:

436 2911 502 2992 De
556 2910 780 2992 Latinitate
839 2908 1094 3020 Scriptorum
1153 2909 1354 2992 Historiae
1408 2909 1633 3022 Augustae

344 3064 614 3145 Meletemata
657 3063 709 3144 ad
758 3074 1002 3176 apparatum
1051 3061 1346 3144 uocabulorum
1388 3065 1634 3172 spectantia.

345 3215 485 3296 Editio
519 3216 648 3296 altera
679 3214 865 3296 funditus
897 3225 1120 3295 retractata
1154 3225 1197 3295 et
1231 3227 1361 3296 aucta.

435 3422 499 3503 De
536 3421 759 3503 Latinitate
789 3420 1033 3530 Hieronymi
1063 3415 1386 3501 Obseruationcs
1420 3419 1472 3500 ad
1508 3449 1633 3504 usum

340 3576 614 3686 syntacticum
652 3575 917 3684 pertinentes.

376 4575 483 4643 Scripta
501 4576 590 4630 omnia
609 4577 741 4632 Pauckeri
761 4583 866 4633 centnm
885 4575 1081 4646 exemplaribus
1100 4582 1203 4632 tnntnm
1221 4575 1255 4632 ad
1275 4573 1456 4630 uenditionem
1475 4579 1590 4628 exstant.
