3480 5304
897 369 938 428 36

277 576 472 668 mitas²¹),
506 577 891 669 temporalitasael,
929 578 1138 670 trtotcasffl),
1174 581 1374 670 tumiditas,
1410 580 1559 654 3011511111-

228 687 429 787 ''sitas²⁴l;
457 741 501 752 -
527 699 734 770 *credulitas
761 699 863 770 cccl.
890 695 933 789 (ll
960 722 995 790 p.
1015 704 1063 772 90
1089 699 1167 791 sq),
1196 707 1235 772 ut
1259 723 1288 772 e.
1310 723 1337 771 c.
1359 703 1393 771 in
1412 701 1557 776 Philum.

277 819 320 889 ad
348 843 380 890 u.
411 824 433 890 4
460 841 534 910 sqq.
565 825 644 890 ‘urna
668 827 773 910 atque
796 821 914 892 eadem
952 820 1138 892 credulitas
1167 823 1201 891 in
1229 822 1374 912 Moysen
1410 823 1560 893 refertur

278 945 313 1010 et
340 939 374 1010 in
398 939 522 1027 Deum,
550 948 588 1011 ut
614 941 762 1030 populus
789 943 847 1030 qui
872 941 1036 1013 credebat
1060 941 1094 1011 iu
1118 940 1302 1012 Dominum
1323 943 1559 1032 5555511551-

278 1058 370 1129 disse
397 1059 531 1130 dicatur
558 1060 593 1129 iu
620 1061 770 1130 seruum’
803 1054 860 1142 (ci.
881 1061 1092 1149 infidelitas),
1112 1102 1156 1112 -
1176 1062 1377 1133 *curiositas
1405 1084 1437 1153 q.
1462 1069 1559 1132 πολυ-

277 1192 490 1274 πραγμοσύνη
519 1189 554 1252 et
587 1187 748 1252 meton.
778 1181 886 1263 (Tert.
915 1202 969 1270 ap.
1000 1183 1068 1251 25:
1107 1181 1172 1252 etsi
1199 1202 1220 1252 5
1246 1181 1360 1252 Numa
1396 1190 1560 1271 concepta

277 1307 330 1370 est
356 1302 538 1373 curiositas
564 1300 814 1390 superstitiosa,
851 1300 999 1372 noudum
1027 1308 1142 1372 tamon
1177 1308 1238 1371 aut
1273 1301 1465 1372 simulacris
1499 1310 1560 1373 aut

278 1421 417 1509 templis
444 1443 499 1493 res
534 1420 653 1492 diuina
688 1421 780 1510 apud
815 1421 988 1492 Romanos
1023 1421 1225 1509 constabat’,
1268 1420 1315 1490 ib.
1354 1424 1374 1490 5
1409 1423 1559 1492 omnium

278 1541 515 1612 curiositatum
543 1541 752 1630 explorator,
778 1562 929 1629 praescr.
957 1540 1053 1612 haer.
1075 1544 1138 1626 40)
1165 1542 1200 1613 iu
1226 1539 1302 1612 Gal.
1326 1541 1357 1612 ll
1382 1541 1426 1611 ad
1454 1547 1489 1628 4,
1518 1546 1559 1612 10

279 1680 329 1748 sq.
358 1660 400 1730 de
433 1662 606 1750 superflua
641 1659 793 1730 ciborum
829 1661 1040 1750 curiositate,
1072 1703 1116 1714 -
1151 1662 1344 1733 *festiditas
1375 1668 1495 1733 melon.
1517 1664 1559 1743 ⁴in

281 1781 324 1850 15.
353 1779 386 1850 ll
413 1779 457 1852 ad
485 1785 518 1869 3,
546 1786 566 1852 3
594 1781 814 1853 Pentecostes
842 1781 1067 1852 celeberrima
1101 1782 1284 1870 festiditas
1322 1783 1336 1852 1
1364 1783 1408 1853 ad
1439 1786 1469 1870 1,
1503 1787 1559 1870 14,

278 1921 350 1989 reg.
379 1899 538 1970 Pachom.
568 1922 619 1989 pr.
651 1901 757 1982 751,
789 1942 833 1953 -
863 1902 899 1970 in
926 1903 969 1972 15.
997 1903 1048 1974 IX
1075 1903 1119 1973 ad
1154 1906 1212 1990 29,
1243 1907 1257 1973 1
1291 1901 1448 1973 ‘ludaico
1479 1902 1561 1974 reli-

279 2022 380 2109 gione
407 2021 544 2091 sublata
570 2021 679 2091 omnis
704 2043 821 2092 eorum
847 2020 1022 2093 festiuitas
1041 2022 1170 2111 periit’,
1194 2063 1238 2072 —
1264 2022 1461 2111 *gentilitas
1480 2021 1560 2092 eorl.

280 2140 513 2211 Heidenthum
541 2161 594 2229 ep.
618 2145 676 2230 65,
700 2144 745 2211 16
774 2142 904 2212 ueteris
930 2142 1136 2228 gentilitatis
1156 2148 1190 2212 ct
1209 2141 1426 2213 idololatriae
1445 2163 1562 2213 errore

280 2267 485 2349 contempto,
512 2263 592 2348 107,
614 2265 634 2330 2
661 2258 891 2332 ‘solitudinem
915 2262 1048 2350 patitur
1072 2267 1107 2333 et
1133 2261 1168 2331 in
1190 2260 1277 2332 urbe
1300 2262 1487 2349 gentilitas,
1513 2261 1561 2331 dii

281 2378 452 2470 quondam
476 2380 652 2450 nationum
679 2401 755 2450 curn
783 2379 977 2452 bubonibus
1004 2389 1038 2452 et
1054 2382 1188 2452 noctuis
1206 2381 1241 2451 in
1261 2380 1342 2450 solis
1357 2381 1562 2452 culminibus

281 2501 542 2586 remanserunt’,
572 2499 650 2570 adu.
678 2499 759 2586 vig.
788 2503 808 2570 5
829 2501 874 2570 al.
895 2502 951 2596 (ci.
967 2523 1000 2591 p.
1017 2506 1064 2572 49
1078 2501 1263 2590 *gentilis),
1279 2541 1328 2554 --
1347 2501 1562 2572 ===humanitas

281 2626 408 2691 meten.
436 2618 553 2708 (App,
581 2619 723 2708 Minue,
752 2619 855 2716 Aru.)
880 2641 933 2709 ep.
964 2625 1024 2709 55,
1054 2625 1073 2692 5
1104 2620 1362 2693 ‘humanitatem
1390 2621 1453 2692 lroc
1489 2622 1562 2691 loro

282 2741 425 2810 dicimus
451 2760 518 2808 nun
545 2739 840 2810 mansuetudinem
860 2747 895 2813 et
913 2741 1126 2813 clementiam
1147 2741 1475 2829 (Mensrlulichkeit),
1503 2743 1562 2813 sod

282 2881 381 2930 omne
403 2859 578 2929 hominum
602 2861 721 2948 genus’
748 2860 1006 2956 (Menschlreit),
1029 2904 1080 2913 —
1098 2861 1304 2932 *infidelitas
1330 2860 1428 2932 eccl.
1450 2883 1477 2933 c.
1500 2861 1563 2932 Pe·
1677 2853 1683 2860 ’

282 2981 350 3068 lag.
379 2978 423 3068 ll,
455 2984 500 3050 14
530 2980 680 3050 ‘Marcus
707 2980 828 3051 scribit
852 2988 895 3077 (c.
924 2977 961 3064 6)
988 2981 1031 3053 de
1056 2982 1220 3052 Domino:
1259 2988 1294 3052 et
1328 3003 1394 3051 non
1426 2987 1563 3070 poterat

282 3099 330 3170 ibi
357 3121 400 3171 ne
426 3120 527 3170 unam
555 3099 692 3188 quidem
718 3100 832 3172 facere
856 3101 1043 3172 uirtutem.
1060 3156 1082 3189 .,
1109 3108 1144 3173 et
1166 3100 1404 3172 admirabatur
1422 3107 1564 3189 propter

282 3220 558 3291 incredulitatem
587 3241 716 3290 eorum.
771 3221 938 3292 Dominus
965 3222 1093 3292 dicitur
1119 3243 1184 3292 non
1211 3222 1364 3310 potuisse
1392 3221 1426 3291 in
1452 3221 1564 3291 Naza-

282 3341 359 3411 reth
388 3361 430 3411 ue
452 3361 554 3410 uuam
586 3340 722 3429 quidem
756 3342 868 3413 facere
901 3343 1077 3430 uirtutem,
1114 3349 1149 3413 et
1182 3340 1397 3412 infidelitatis
1431 3339 1565 3410 alienae

283 3467 424 3549 stupore
451 3461 645 3547 retinetur',
674 3460 752 3530 adu.
781 3460 892 3532 Lucif.
925 3465 971 3533 17
1007 3462 1081 3532 ‘sub
1097 3483 1179 3550 rege
1207 3459 1409 3531 Constantio
1434 3465 1494 3543 (se.
1528 3461 1564 3530 iu

283 3581 412 3670 synodo
433 3580 656 3668 Ariminensi)
677 3580 740 3651 sub
760 3582 896 3652 nomine
918 3582 1061 3653 unitatis
1078 3590 1114 3654 et
1132 3581 1213 3653 fidei
1232 3580 1417 3652 infidelitas
1437 3581 1566 3669 scripta

284 3703 360 3785 est’,
386 3722 439 3790 up.
469 3705 526 3789 60,
558 3703 578 3770 5
608 3721 660 3771 ex.
686 3699 743 3789 al,
772 3700 874 3770 item
901 3701 1049 3773 fidelitas
1077 3724 1104 3773 c.
1133 3702 1251 3790 Pelag.
1280 3700 1325 3791 ΙΙ,
1348 3705 1393 3771 22
1422 3699 1564 3786 (515111-

283 3821 394 3893 fidelis
428 3821 496 3892 iam
524 3819 558 3890 S.
588 3818 622 3889 S.
648 3827 731 3908 uet,
766 3818 870 3911 Cypr.
901 3842 954 3910 ep.
982 3825 1041 3910 30,
1071 3825 1091 3893 3
1118 3822 1176 3909 al,
1213 3821 1298 3890 Aru.
1328 3818 1372 3908 II,
1403 3823 1470 3890 60:
1501 3818 1566 3888 hoc

284 3941 422 4031 saepius
445 3940 625 4011 dicendum
652 3947 714 4028 est,
744 3946 783 4009 ut
809 3941 996 4011 infidelium
1025 3940 1176 4012 dissiliat
1200 3948 1235 4011 et
1262 3940 1481 4028 dirumpatur
1505 3960 1566 4009 au-

285 4062 393 4150 ditus,
429 4061 533 4132 etiam
566 4060 678 4131 fidelis
711 4061 760 4131 sic
787 4059 820 4131 S.
850 4059 904 4150 S.;
932 4062 973 4132 ci.
1002 4068 1038 4132 et
1071 4059 1237 4149 *perfidia
1264 4059 1323 4129 inf.
1351 4080 1384 4148 p.
1405 4061 1487 4148 44);
1515 4100 1567 4109 -

285 4321 331 4388 21)
351 4337 414 4388 quu.
433 4319 508 4373 hebr.
529 4319 555 4373 iu
574 4320 639 4374 Gen.
659 4323 703 4387 47,
724 4323 755 4374 31
777 4320 886 4387 sceptri,
907 4335 930 4373 c.
949 4319 1004 4373 Pel.
1020 4320 1041 4386 l,
1062 4324 1095 4373 34
1114 4318 1198 4388 podis,
1212 4317 1273 4372 adu.
1287 4317 1377 4372 Jouin.
1392 4317 1428 4386 11,
1444 4321 1479 4370 30
1496 4315 1566 4370 auri·

285 4410 360 4464 culco
378 4410 412 4464 al.
432 4409 465 4478 (ll
485 4427 510 4478 p.
531 4412 592 4479 281,
612 4410 699 4464 Scrut.
719 4426 745 4478 p.
765 4410 820 4478 23).
853 4409 899 4477 22)
919 4408 946 4462 in
965 4407 1009 4462 Os.
1023 4409 1035 4460 1
1048 4407 1083 4461 ad
1104 4413 1127 4477 1,
1146 4412 1169 4461 1.
1200 4408 1246 4476 23)
1265 4422 1354 4476 saepe,
1373 4412 1404 4459 ut
1422 4405 1483 4460 Did.
1502 4405 1566 4474 spir.

284 4503 369 4552 sanct
394 4503 435 4552 16.
474 4497 520 4566 24)
544 4513 585 4566 ep.
612 4502 671 4568 130,
698 4503 730 4552 17
755 4498 787 4550 ‘si
812 4497 891 4551 rudes
915 4497 1074 4551 secularium
1099 4495 1419 4564 literarum..quippiam
1444 4494 1566 4562 legerint,

285 4587 474 4642 uerbositatem
484 4587 565 4641 solam
577 4587 683 4642 discunt
693 4587 793 4655 absque
802 4586 897 4642 notitia
905 4584 1120 4656 Scripturarum‘,
1130 4588 1174 4655 96,
1186 4589 1212 4656 6,
1224 4585 1285 4640 adu.
1295 4584 1384 4639 Rufio.
1394 4585 1417 4654 l,
1430 4587 1461 4637 15
1472 4584 1506 4638 51.
1516 4583 1567 4652 (2).
