3458 5306
522 1499 1083 1581 CORRIGENDA

789 1665 816 1712 el

620 1786 979 1850 ΑΟΒΕΝΟΑ.

776 1957 860 2012 nollit
880 1955 1071 2028 διδασκόμενον
1087 1961 1170 2030 μοῖρα
1190 1961 1257 2024 κίχοι
1277 1955 1406 2012 θανάτου.

158 2148 190 2190 Gt.
206 2148 278 2189 addita
292 2160 312 2198 p.
328 2149 355 2189 111
370 2158 391 2188 n.
407 2151 426 2196 9,
444 2148 482 2189 134
495 2159 546 2188 ann.
556 2145 598 2197 Ἣ,
614 2149 652 2190 153
665 2149 688 2189 et
703 2149 747 2196 154,
764 2149 802 2189 164
817 2147 832 2187 l.
847 2149 860 2189 5
875 2149 897 2188 et
911 2147 936 2188 13
950 2146 976 2187 nb
990 2146 1014 2195 1.,
1030 2147 1069 2188 1os
1081 2145 1097 2186 l.
1115 2143 1306 2192 laetiensi..
1323 2143 1389 2184 1701.
1408 2144 1441 2191 16,

612 2221 649 2261 171
664 2220 679 2260 l.
696 2221 720 2260 11
735 2221 757 2261 at
772 2221 795 2262 11
810 2218 836 2259 ab
850 2218 874 2267 1,,
891 2219 929 2261 174
942 2230 994 2259 ann.

158 2389 221 2456 Pag.
242 2393 275 2441 10
292 2388 354 2443 add.
371 2389 550 2443 suscitatio
570 2390 613 2457 (3)
632 2394 658 2443 et
676 2405 702 2444 n.
724 2393 788 2444 136:
809 2389 977 2444 sanctificare
994 2389 1061 2457 freq.
1081 2395 1107 2442 et
1124 2387 1208 2455 Hier,
1228 2401 1252 2440 e.
1267 2402 1290 2440 c.
1304 2383 1366 2439 Did.
1379 2385 1443 2453 spir.

370 2484 438 2532 suet.
459 2483 500 2532 11.

185 2591 195 2615 »
237 2573 270 2621 14
314 2590 325 2616 ›
370 2567 510 2622 *dormitio
530 2567 648 2621 transl.
669 2565 685 2620 i.
705 2582 775 2620 mors
803 2584 858 2635 rog.
876 2568 1002 2622 Pachom.
1023 2572 1035 2619 1
1057 2567 1100 2635 al,
1125 2567 1202 2634 Aug,
1225 2565 1330 2618 Paulin.
1349 2563 1442 2618 bened.

371 2663 441 2724 patr.
460 2659 484 2727 3,
504 2661 529 2726 4,
550 2657 628 2710 inser.
647 2655 693 2726 (ci.
713 2655 786 2709 Hier.
805 2656 866 2710 adu.
886 2655 974 2710 Rullo.
994 2656 1043 2724 Ill,
1058 2659 1089 2708 21
1110 2654 1198 2707 Siricii
1219 2654 1269 2707 iam
1289 2653 1316 2707 iu
1331 2652 1443 2706 Domino

373 2745 550 2814 dormientis).

186 2855 197 2880 »
239 2834 308 2887 151.
329 2839 359 2887 11
380 2834 458 2889 scrib.
477 2834 632 2888 intentionis

187 2945 198 2970 »
239 2922 307 2976 161.
329 2927 359 2975 11
379 2923 412 2977 ab
431 2923 448 2976 i.
467 2939 518 2977 scr.
538 2939 678 2992 corporum

186 3032 198 3057 »
237 3011 307 3064 201.
327 3014 342 3064 7
362 3027 413 3065 scr.
433 3011 538 3065 dicitur’

290 3099 307 3153 Ι.
327 3103 343 3153 5
363 3100 396 3154 ab
416 3100 433 3155 i.
452 3117 502 3154 scr.
522 3099 675 3155 afflictionis

186 3213 197 3236 ι
237 3192 270 3241 22
290 3188 317 3241 in
336 3207 354 3242 a
372 3189 447 3244 add:
472 3189 589 3257 *agnitio
607 3189 772 3243 Erkenntnis
791 3204 931 3258 persaepe,
956 3195 987 3242 ut
1010 3188 1037 3243 iu
1061 3187 1132 3256 Eph.
1150 3189 1178 3241 Il
1195 3188 1229 3244 ad
1248 3193 1274 3258 4,
1296 3192 1328 3243 16
1354 3189 1442 3242 ‘unus-

289 3278 400 3346 quisque
420 3279 564 3332 sccuudnm
583 3295 732 3334 mensuram
753 3279 815 3334 fidei
834 3286 861 3332 et
879 3277 1022 3345 agnitionis
1036 3278 1103 3332 Filii
1117 3276 1175 3346 Dei,
1195 3294 1273 3346 quem
1290 3277 1349 3332 ideo
1364 3295 1443 3345 agno-

288 3382 361 3420 scere
380 3367 487 3435 dicitur,
512 3368 576 3435 qnia
593 3367 668 3436 prius
687 3373 806 3438 uouerat,
830 3375 856 3422 et
880 3373 973 3435 postea
992 3383 1068 3421 nosse
1087 3367 1193 3422 desinit’
1213 3368 1311 3437 (Lact,
1330 3368 1443 3438 Amba),

287 3455 332 3509 all.
351 3457 452 3525 coaeui,
472 3463 501 3510 ut
519 3462 589 3510 auct.
608 3456 705 3510 Zacch.
725 3463 752 3509 et
771 3457 894 3525 Apollon.
914 3457 1029 3510 consult.
1047 3456 1069 3526 Ι,
1084 3461 1120 3510 20
1140 3456 1200 3510 ‘Dei
1218 3457 1319 3524 agnitio
1338 3464 1444 3510 etcum

289 3543 430 3598 dilectione
453 3544 567 3599 formido
593 3545 636 3597 lex
654 3544 741 3612 prima
760 3544 819 3613 est’;
832 3584 839 3598 .
853 3585 860 3598 .
874 3544 1047 3612 comploratio
1073 3545 1121 3612 (gs
1139 3562 1166 3612 p.
1187 3545 1250 3614 172)
1276 3546 1338 3600 adn.
1356 3545 1443 3600 Lucil.

291 3635 323 3684 14
347 3633 429 3685 ‘illam
454 3632 689 3702 complorationem
713 3650 782 3701 quae
806 3650 823 3688 a
848 3633 963 3687 Domino
991 3634 1023 3687 de
1048 3633 1231 3702 peccatoribus
1255 3635 1360 3702 prolata
1383 3633 1443 3702 est’;
1538 3639 1540 3643 '

290 3721 482 3776 ..*distincti0
501 3738 590 3791 saepe,
610 3722 694 3776 ueluti
713 3723 740 3777 iu
760 3722 881 3776 formulis
900 3722 933 3776 ad
953 3722 1012 3791 (ob)
1032 3721 1228 3776 distinctionem
1243 3722 1364 3790 alicuius,
1384 3737 1407 3776 e.
1420 3739 1444 3776 c.

288 3811 313 3862 ln
328 3811 410 3865 Abac.
424 3811 437 3863 l
450 3811 484 3865 ad
500 3815 525 3879 2,
542 3814 558 3864 9
577 3811 657 3865 ‘mala
676 3810 775 3865 dieitur
793 3811 910 3866 auaritia
927 3811 961 3866 ad
981 3811 1177 3866 distinctionem
1196 3810 1300 3881 bonae’,
1321 3811 1349 3863 iu
1364 3811 1443 3864 Mtth.

288 3901 327 3952 IV
345 3901 380 3954 ad
400 3904 442 3969 27,
463 3905 496 3954 53
521 3901 622 3954 ‘sancta
645 3902 678 3953 ob
702 3900 900 3954 distinctionem
923 3901 1036 3955 aliarum
1062 3900 1178 3968 urbium,
1206 3901 1232 3953 in
1257 3900 1354 3968 quibus
1373 3900 1444 3954 idola

288 3988 463 4057 colebantnr’,
482 3991 510 4043 in
528 3991 563 4043 ls.
582 3990 621 4042 XI
639 4007 679 4057 pr.

184 4101 195 4125 »
235 4081 269 4131 26
289 4078 307 4133 l.
327 4081 352 4132 9.
371 4094 422 4132 scr.
441 4077 530 4132 Rufin.

289 4167 350 4222 add.
371 4166 398 4221 in
413 4170 475 4237 pA:
501 4169 612 4222 affectus
637 4183 716 4236 saepe
740 4168 822 4222 uariis
845 4167 944 4238 modis,
971 4174 1001 4222 ut
1018 4183 1041 4222 e.
1061 4183 1084 4222 c.
1103 4168 1132 4221 in
1150 4168 1186 4223 ls.
1205 4169 1231 4221 11
1251 4168 1284 4223 ad
1305 4171 1331 4236 5,
1353 4173 1385 4221 14
1403 4184 1443 4237 sq.

291 4256 371 4323 ‘quod
405 4256 494 4309 uerbis
526 4256 660 4311 hnmanae
691 4257 890 4311 consuetudinis
922 4274 1009 4311 rernm
1043 4257 1235 4312 insensibilium
1266 4258 1444 4326 exprimamus

290 4343 424 4398 affectnm’
445 4344 690 4414 (Besehaffenheit),
712 4345 736 4398 V
754 4343 789 4398 ad
810 4349 852 4412 14,
874 4350 909 4399 24
931 4362 971 4414 sq.
998 4347 1056 4400 ‘hoc
1076 4347 1191 4400 humano
1210 4345 1330 4414 loquitur
1346 4347 1444 4401 ellectu

290 4416 615 4504 (ἄνθρωποπαθῶς),
633 4434 704 4502 quod
719 4433 822 4488 scilicet
836 4451 889 4488 nou
899 4433 1009 4489 fallatur
1019 4435 1125 4504 (Deus),
1136 4435 1183 4504 qni
1196 4435 1254 4490 falli
1269 4451 1322 4488 non
1334 4436 1442 4506 potest’,

284 4538 325 4590 ep.
345 4527 388 4593 22,
403 4528 437 4577 27
459 4523 523 4577 ‘scio
543 4528 569 4577 te
588 4539 621 4576 ex
639 4524 737 4577 affectu
756 4522 786 4591 (i.
805 4538 839 4576 ex
856 4522 957 4592 animo)
977 4523 1078 4577 dicere:
1098 4524 1221 4591 Domine,
1240 4539 1294 4576 non
1313 4530 1354 4578 est
1372 4524 1443 4578 exal·

289 4617 375 4665 tatum
394 4627 441 4666 cor
458 4611 565 4680 meum',
586 4611 614 4664 in
631 4612 705 4666 Is.V
723 4612 758 4666 ad
779 4615 820 4682 16,
842 4617 871 4665 11
892 4615 937 4682 al,
951 4643 984 4653 —
1004 4613 1139 4681 profectus
1158 4614 1249 4683 (Varr.
1267 4618 1295 4666 et
1312 4613 1367 4682 pA)
1385 4629 1444 4681 per·
