3480 5304
784 395 823 458 19

163 604 318 676 moniciae
353 625 465 676 croces.
513 603 611 696 erod
637 628 713 680 cum
741 615 820 699 post
845 607 1041 698 superiores
1075 603 1226 676 editores
1255 601 1450 676 vallarsius

164 725 256 795 inter
281 726 400 815 spuria
425 726 587 799 retulerit
613 729 738 800 ceteris
766 735 880 802 tamon
908 725 1142 816 supposititiis
1167 722 1357 795 concedens
1375 745 1451 794 esse

163 846 417 934 praestantius,
457 847 618 936 perlectis
657 847 758 918 modo
793 846 960 920 attentius
993 844 1133 934 seriptis
1168 843 1369 932 Hieronymi
1407 865 1449 914 ex

163 964 317 1034 confesso
342 965 500 1056 genuinis
527 967 638 1056 ipsum
665 987 802 1058 ortoque
826 985 1030 1058 percurrere
1062 965 1173 1036 uisum
1205 969 1259 1034 est
1289 963 1446 1048 lectione,

163 1105 429 1177 ennumquam
456 1086 668 1178 perceperim
701 1089 895 1178 opinionem
929 1087 1075 1158 strictim
1112 1085 1309 1176 proloquar.
1363 1085 1449 1157 Rue

163 1205 310 1277 niarium
336 1205 427 1278 istud
454 1205 545 1278 band
573 1208 623 1280 ita
646 1214 761 1280 tamen
787 1208 894 1279 breue
916 1205 1003 1296 (edit
1020 1204 1115 1278 Vall.
1136 1205 1204 1277 rrol.
1225 1203 1294 1277 VH
1312 1213 1395 1277 tom.
1416 1205 1448 1276 ll

166 1325 229 1396 eol.
263 1327 439 1417 1-544),
468 1327 502 1399 in
529 1349 597 1418 quo
616 1325 777 1418 Origenis
803 1349 823 1400 e
849 1327 987 1418 scriptis
1014 1325 1123 1398 uariis
1150 1325 1389 1398 annotationes
1416 1325 1450 1396 in

165 1446 315 1534 psalmos
342 1446 486 1518 collatas
511 1467 587 1520 esse
613 1448 657 1520 ad
681 1447 918 1538 compendium
954 1446 1125 1538 praelatio
1159 1445 1324 1534 insinuat,
1358 1444 1450 1516 deri·

165 1574 284 1638 uatum
311 1587 388 1638 esse
411 1567 624 1639 arbitramur
657 1589 699 1638 ex
726 1567 928 1657 Hieronymi
967 1565 1000 1637 in
1033 1564 1185 1655 psalmos
1221 1562 1451 1636 ‘Commenta-

166 1687 289 1771 riolis’,
325 1707 411 1777 quos
435 1687 547 1778 ipsum
574 1687 650 1760 siue
674 1686 824 1760 edidisse
850 1709 911 1760 seu
937 1686 1111 1777 diuulgari
1139 1705 1278 1776 passum
1305 1706 1385 1759 esse
1408 1707 1450 1756 ex

166 1807 240 1877 eius
264 1807 431 1879 aduersus
458 1805 615 1880 Rufinum
643 1809 804 1900 apologia
830 1809 857 1898 l,
885 1811 930 1880 lll
956 1806 1183 1898 cognoscitur.
1225 1805 1278 1878 lbi
1304 1807 1451 1878 enimse

166 1926 411 2016 reprehensum
438 1927 488 1999 ait
513 1927 604 2019 quod
630 1928 688 2001 Ps.
715 1933 751 2017 2,
777 1932 822 2002 12
850 1949 914 2019 pro
948 1949 989 2001 eo
1026 1925 1116 2018 quod
1151 1927 1185 1998 in
1222 1923 1451 1998 translatione

166 2053 285 2118 uetere
308 2047 376 2118 fuit
401 2055 522 2138 estque
542 2047 746 2140 invulgata
765 2047 1025 2138 ‘apprehendite
1043 2045 1272 2136 disciplinam’
1292 2045 1452 2136 posuerit

167 2167 200 2236 in
228 2167 516 2240 commentariolis
541 2167 603 2261 (‘in
631 2167 921 2242 commentariolis
946 2167 1077 2258 meis'l:
1106 2167 1251 2239 adorate
1268 2165 1446 2255 tilium-

167 2288 263 2377 atoni
296 2289 345 2358 sie
379 2288 526 2376 legimns
560 2289 595 2360 in
632 2289 816 2362 Breviorio
850 2288 895 2362 ad
930 2289 953 2360 l.
981 2287 1005 2358 l.
1029 2287 1093 2358 col.
1122 2291 1156 2360 i.
1210 2285 1451 2377 Comymsuisse

167 2409 464 2480 commentariolos
492 2406 570 2480 illos
597 2408 830 2500 Hieronymus
856 2407 995 2480 uidetur
1022 2429 1088 2480 non
1124 2415 1205 2480 ante
1232 2410 1305 2480 396
1334 2429 1368 2498 p.
1396 2405 1448 2492 (1.,

167 2527 329 2600 uidelicet
355 2527 422 2599 XV
449 2549 556 2600 annos
581 2529 631 2620 (in
659 2551 711 2620 ps.
745 2531 829 2621 133)
855 2536 935 2619 post
960 2527 1224 2602 exterminatam
1252 2548 1315 2618 per
1342 2527 1448 2618 impe-

167 2648 255 2720 rium
282 2647 475 2722 Romanum
499 2649 660 2722 haeresin
678 2649 844 2723 Arianam
863 2655 967 2722 antea
984 2648 1256 2739 praeualentem,
1280 2647 1335 2718 uel
1355 2653 1449 2720 certe

167 2788 232 2839 non
259 2775 340 2842 ante
368 2773 452 2858 394,
487 2790 554 2860 quo
578 2790 667 2841 antro
695 2769 926 2861 Hieronymus
951 2767 1112 2858 Origenis
1148 2767 1337 2840 doctrinam
1372 2774 1448 2840 tan-

167 2907 268 2977 quam
293 2888 502 2961 baereticam
537 2889 674 2978 publice
706 2889 821 2980 coepit
857 2889 1057 2980 reprobare.
1119 2887 1250 2961 Arrctor
1281 2889 1447 2960 breuiarii

167 3028 242 3078 cum
269 3029 510 3099 nonnunquam
534 3007 578 3080 ad
606 3009 831 3082 confutandos
849 3009 1066 3101 digrediatur
1084 3029 1220 3082 errores
1240 3009 1447 3098 blanicbaei,

170 3126 259 3216 Arii,
285 3127 459 3218 Eunomii,
487 3125 813 3201 Macedonianorum
842 3130 887 3221 (e.
916 3150 945 3200 c.
974 3129 1086 3218 inps.
1118 3132 1190 3201 147
1217 3135 1252 3199 et
1282 3130 1380 3218 148),
1414 3130 1448 3200 in

168 3248 384 3338 Origenistas
416 3249 564 3322 nondum
599 3249 787 3339 inuehitur,
822 3249 946 3321 nedum
978 3249 1013 3320 in
1051 3247 1241 3338 Pelagium.
1295 3247 1449 3319 Maxime

167 3389 251 3440 uero
276 3391 342 3458 me,
378 3375 417 3440 nt
444 3369 655 3443 breuiarium
679 3369 772 3442 istud
798 3369 828 3441 si
861 3390 928 3440 non
952 3376 1073 3458 totum,
1103 3375 1139 3440 at
1164 3368 1328 3440 maiorem
1356 3377 1449 3439 certe

167 3496 300 3578 partem
328 3491 372 3562 ab
397 3489 608 3581 Hieronymo
636 3510 712 3563 esse
738 3504 924 3579 autumem,
952 3489 988 3560 id
1013 3489 1134 3576 mouit,
1162 3487 1253 3578 quod
1277 3487 1448 3578 Hierony-

166 3611 271 3682 miani
299 3609 509 3682 characteris
536 3610 646 3682 nmlta
670 3610 799 3698 passim
827 3612 862 3681 in
889 3631 930 3682 eo
956 3609 1107 3698 uestigia
1142 3629 1328 3698 agnoscere
1363 3608 1447 3680 mihi

167 3732 262 3802 uisus
287 3731 405 3820 sum*)
432 3751 508 3801 cum
537 3731 571 3801 iu
600 3728 757 3802 sensibus
782 3729 1010 3820 dictionisque
1036 3749 1172 3820 genere,
1208 3733 1279 3799 tum
1313 3725 1346 3798 in
1373 3727 1446 3818 ipsu

167 3848 340 3922 latinitate
366 3849 620 3941 uerborumque
645 3848 792 3921 delectu.
832 3849 1005 3922 Nimirum
1032 3870 1149 3921 earum
1177 3868 1297 3919 tuocum
1323 3844 1366 3917 de
1385 3869 1447 3917 rour-

166 3991 273 4058 mero,
310 3990 395 4060 quas
426 3969 512 4042 buce
545 3970 579 4040 in
607 3969 724 4041 libello
751 3970 933 4040 retulimus
958 3969 1110 4040 nouicias
1136 3967 1192 4038 nel
1220 3965 1317 4037 iuxta
1341 3967 1446 4036 ritum

167 4090 339 4163 norrellum
366 4098 552 4182 usurpatas
578 4089 670 4180 apud
705 4089 965 4180 Hieronymum,
1001 4087 1168 4178 plurimas
1202 4086 1237 4156 in
1272 4085 1447 4157 breuiario

166 4211 233 4282 isto
261 4211 534 4300 redinuenimns,
572 4231 715 4301 quarum
750 4211 949 4299 praeteritis
983 4208 1158 4298 plerisque
1192 4213 1313 4278 notare
1346 4206 1447 4277 satis·

257 4525 284 4594 *)
312 4525 448 4578 Annotare
472 4522 557 4595 libuit,
581 4523 625 4578 bic
650 4537 756 4592 quoque
778 4521 968 4591 Hieronymum
993 4536 1045 4574 non
1067 4519 1146 4589 plane
1164 4518 1322 4574 abstinuisse
1340 4534 1357 4573 a
1375 4533 1447 4572 more

166 4627 213 4666 suo
232 4611 365 4681 allegandi
384 4627 399 4667 e
416 4610 530 4666 seculari
550 4610 689 4667 literatura
707 4609 861 4679 sententias,
881 4609 965 4666 ueluti
984 4625 1024 4679 ps.
1042 4613 1076 4663 93
1096 4609 1180 4680 (Pers.
1198 4609 1220 4678 l,
1242 4612 1277 4676 1).

1252 4714 1286 4770 2*
