3480 5304
887 353 930 414 40

269 565 436 638 miracula
471 563 557 657 (Sor.
583 586 617 654 p.
648 566 709 655 59)
747 564 828 636 Did.
864 564 947 654 spir.
977 572 1083 638 sanct.
1111 571 1159 637 44
1198 568 1378 640 ‘uirtutum
1413 568 1549 641 Domini

269 685 505 774 recordantur,
527 677 615 757 ¹siue
649 685 864 774 profectuum
901 685 1054 773 animae,
1097 687 1222 775 quibus
1255 709 1319 775 per
1352 688 1481 778 Legem
1518 696 1549 762 et

269 805 455 895 prophetas
482 813 517 878 et
540 811 726 895 praecepta
753 805 825 875 eius
853 804 1008 876 salubria
1038 805 1166 886 eruditi
1194 815 1284 895 sunt,
1320 807 1489 897 siquidem
1516 811 1548 879 in

270 924 457 1014 Scripturis
484 946 606 997 nornen
628 924 769 995 uirtutis
796 931 980 1014 utrumque
1007 925 1200 1014 signifieat’,
1234 927 1281 997 ib.
1312 933 1331 999 9
1359 927 1549 1000 donationi-

269 1045 345 1132 bur,
373 1066 461 1134 quae
487 1052 654 1117 uocantur
681 1045 895 1115 curationum
923 1046 1056 1134 gratiae
1074 1053 1178 1135 atque
1199 1047 1358 1137 uirtutes,
1383 1070 1411 1118 e.
1432 1049 1547 1120 Ioann.

272 1169 320 1236 34
348 1165 418 1253 ‘qui
442 1164 505 1234 XL
534 1164 654 1236 diebus
681 1171 796 1253 potest
819 1165 975 1236 ieiunare
1002 1172 1036 1235 et
1058 1166 1189 1253 uiuere,
1214 1164 1318 1236 immo
1337 1189 1404 1237 non
1422 1174 1544 1256 potest,

270 1284 330 1356 sed
358 1284 447 1356 uiuit
473 1285 603 1355 uirtute
630 1283 708 1356 Dei'
734 1291 769 1356 et
796 1305 901 1373 saep,
935 1288 1056 1354 melea.
1086 1283 1165 1356 Did.
1195 1287 1278 1375 spir.
1308 1294 1369 1357 set.
1401 1292 1447 1359 56
1485 1291 1550 1358 ‘su-

270 1426 398 1492 pernae
433 1405 591 1492 uirtutes,
629 1426 715 1494 quas
748 1405 836 1475 solet
871 1403 1051 1493 Scriptura
1088 1406 1227 1494 angelos
1262 1413 1296 1476 et
1332 1408 1550 1504 tortitudiues

270 1524 472 1612 nominare,
500 1546 553 1613 ep.
586 1528 667 1612 100,
699 1531 715 1596 1
747 1529 949 1613 ‘pugnantes
976 1532 1096 1596 eontra
1130 1525 1300 1596 uirtutum
1334 1526 1550 1598 aduersaria-

270 1665 347 1714 rum
373 1643 591 1715 industriam’
619 1643 663 1714 al.

357 1763 506 1834 Nomina
531 1763 629 1834 -tudo
656 1763 754 1833 finita
778 1784 887 1834 rece.
911 1770 1059 1852 exstant,
1084 1787 1152 1834 non
1171 1766 1366 1854 supputatis
1385 1767 1444 1853 eis,
1469 1789 1552 1855 quo-

271 1906 347 1955 rum
378 1883 538 1954 notitiam
565 1905 584 1954 e
610 1884 713 1971 gloss.
742 1891 876 1954 tantum
912 1884 1089 1973 babemus,
1127 1889 1186 1955 32.
1241 1885 1372 1956 Eorum
1406 1886 1552 1975 amplius

198 2013 201 2019 '
271 2005 427 2094 quintam
452 2011 588 2090 partem
607 2003 838 2094 Hieronymus
865 2005 1058 2093 usurpauit,
1087 2005 1189 2075 immo
1212 2006 1377 2094 pleraque
1403 2007 1476 2094 ipse
1503 2009 1552 2077 of-

270 2126 437 2214 figurasse
464 2125 604 2195 uidetur
630 2130 690 2194 aut
716 2146 840 2196 reuera
864 2125 995 2213 primus
1023 2130 1083 2195 aut
1110 2147 1171 2195 suo
1208 2126 1344 2214 quidem
1382 2126 1552 2197 arbitratu

273 2247 321 2336 (n.
354 2250 374 2316 6
403 2252 438 2316 et
464 2245 513 2334 4).
557 2243 703 2315 Omnino
730 2267 772 2315 ex
800 2245 849 2314 eis
876 2265 965 2332 quae
992 2245 1173 2315 retulimus
1200 2246 1419 2334 perspicitur,
1448 2268 1554 2334 genus

271 2365 334 2436 hoc
360 2365 501 2454 figurae,
540 2363 631 2454 quod
658 2386 734 2435 cum
760 2365 951 2453 priscorum
979 2366 1089 2454 magis
1116 2367 1162 2436 sit
1192 2366 1330 2453 linguae
1362 2373 1553 2454 temporum

271 2486 442 2557 recentior
469 2492 564 2556 aetas
591 2484 745 2574 recoluit,
775 2485 986 2574 Hieronymo
1014 2507 1148 2575 quoque
1173 2485 1422 2575 quadamtenus
1448 2486 1481 2554 in
1503 2484 1555 2554 di-

272 2606 370 2677 lectis
397 2605 514 2676 fuisse.

273 2867 326 2926 -0
352 2870 455 2919 masc.
484 2850 540 2940 (cf.
568 2843 595 2922 4
622 2871 654 2918 n.
684 2849 764 2938 75):
804 2841 948 2923 herodio
973 2846 1172 2943 (ἐρωδιόςΓ),
1208 2848 1433 2938 papilio²l,
1465 2891 1507 2899 -
1539 2874 1558 2920 e

275 2969 309 3040 S.
337 2967 386 3040 S.:
416 2990 557 3040 susurro
585 2991 639 3059 ep.
669 2973 752 3057 125,
785 2974 828 3040 19
856 2969 914 3058 al.,
942 2969 1047 3059 Vulg.
1077 2965 1141 3060 (2).

251 3231 435 3302 ·-mem,
463 3211 736 3292 -memtum
766 3217 799 3307 (o
836 3236 869 3302 p.
893 3218 937 3284 23
960 3214 1067 3303 sqq.):
1097 3207 1349 3302 adiumentum,
1378 3217 1559 3304 figmon-

167 3337 172 3347 ’
275 3343 359 3406 tum
369 3335 405 3424 ¹),
431 3335 668 3406 indumentum
677 3331 716 3424 9),
744 3337 974 3405 iuramentum
984 3330 1022 3423 3),
1045 3330 1278 3420 linteorum),
1298 3333 1558 3422 rrrodulanrerd),

275 3457 639 3544 obligamentum,
659 3451 970 3545 probamentum),
999 3448 1169 3552 prolimen
1193 3455 1243 3547 (1),
1274 3451 1560 3542 ¹⁰superindu-

367 3697 393 3766 1)
419 3697 446 3750 in
464 3698 546 3752 Zacb.
566 3699 578 3750 1
597 3697 632 3752 ad
652 3700 676 3766 5,
696 3701 712 3751 9
732 3711 800 3764 sqq,
821 3695 901 3762 Vulg.
939 3700 967 3762 2)
991 3695 1017 3747 in
1042 3695 1123 3748 Zaeb.
1143 3696 1183 3747 III
1206 3696 1240 3748 ad
1262 3698 1303 3762 14,
1326 3699 1357 3748 16
1379 3694 1561 3749 ‘tabernacula

274 3793 355 3857 atque
374 3787 502 3852 tentoria,
528 3802 596 3855 quae
620 3801 707 3839 nunc
730 3803 747 3840 a
770 3783 942 3838 slmilitudine
967 3785 1095 3852 paruolae
1119 3784 1177 3838 auis
1195 3783 1343 3853 papiliones
1362 3783 1513 3852 uocantur,
1535 3784 1561 3837 in

275 3879 310 3932 Is.
328 3877 368 3930 XI
386 3875 421 3930 ad
440 3880 483 3944 40,
504 3881 535 3929 21
557 3891 615 3944 sqq.
634 3877 669 3930 al.
694 3876 770 3943 (sorr.
790 3874 816 3928 h.
836 3873 917 3940 Aug:
944 3873 994 3926 llA
1013 3891 1038 3941 p.
1059 3879 1102 3942 23,
1123 3874 1188 3940 reg.
1208 3874 1271 3942 m),
1297 3873 1375 3940 Aug,
1401 3875 1480 3940 Greg.
1499 3871 1561 3926 hist.

275 3965 381 4034 Frena,
402 3964 466 4020 Isid.
488 3965 539 4034 (3).

367 4053 393 4122 1)
412 4069 453 4122 ep.
469 4058 529 4122 129,
551 4058 583 4106 19
602 4050 741 4120 ‘numquid
760 4051 924 4119 figmentumi
943 4057 1030 4119 potest
1049 4049 1136 4104 dicere
1155 4050 1179 4104 ei
1197 4050 1243 4119 qui
1262 4067 1290 4104 se
1309 4050 1400 4105 linxit:
1420 4067 1502 4119 quare
1521 4065 1563 4104 mc

275 4143 314 4197 sic
333 4141 458 4212 locistil’,
480 4147 523 4212 52,
542 4147 558 4195 2
577 4143 612 4196 41.
632 4142 717 4211 (Tort.
736 4142 799 4210 pall.
819 4145 847 4196 5:
868 4139 1010 4210 artrfieem,
1029 4141 1208 4209 qui..totum
1228 4141 1357 4194 contracti
1376 4139 1498 4193 umbonis
1516 4139 1562 4206 fig-

275 4237 393 4286 mentum
418 4231 571 4286 custodibus
595 4231 743 4299 foreipibus
765 4232 892 4299 assignet.
912 4247 965 4287 eos.
985 4247 1056 4285 carn.
1076 4230 1131 4298 30).
1168 4231 1196 4299 2)
1221 4247 1243 4283 e.
1263 4229 1355 4282 Ioann.
1375 4234 1410 4282 29
1430 4228 1505 4280 ‘illud
1525 4227 1563 4281 in·

276 4321 440 4390 dementum,
461 4320 493 4375 id
513 4327 565 4374 est
583 4320 789 4390 uestimentum,
810 4321 871 4374 adu.
891 4321 964 4375 Juin.
983 4322 1018 4389 11,
1040 4326 1071 4374 21
1093 4327 1119 4374 et
1137 4336 1208 4389 saep.
1255 4320 1283 4387 3)
1313 4323 1342 4371 ut
1360 4334 1423 4386 quu.
1442 4318 1516 4370 hebr.
1537 4317 1563 4370 in

278 4412 345 4464 Gen.
365 4415 408 4478 26,
428 4415 471 4478 32,
499 4409 526 4462 in
552 4411 586 4463 14.
606 4410 698 4463 XVIII
723 4409 756 4463 ad
783 4413 826 4478 115,
850 4414 881 4462 15
906 4426 945 4478 sq.
968 4411 1002 4464 41.
1040 4411 1068 4477 4)
1095 4416 1125 4463 ut
1148 4410 1176 4462 iu
1195 4409 1239 4462 Os.
1258 4409 1270 4460 I
1290 4407 1323 4462 ad
1343 4413 1369 4476 2,
1389 4411 1406 4460 9
1430 4413 1518 4460 uestes
1537 4413 1563 4460 et

277 4496 446 4565 linteomIna,
470 4515 511 4566 ep.
540 4501 600 4565 198,
622 4501 654 4551 19
677 4496 713 4552 41.
751 4500 779 4564 5)
802 4513 843 4564 ep.
865 4502 924 4580 117,
944 4503 960 4552 9
985 4499 1055 4551 iuter
1077 4498 1193 4565 psalmos
1213 4495 1284 4549 dulei
1303 4494 1483 4549 modulamine
1502 4511 1562 4548 cur·

277 4593 364 4641 rentes
383 4587 418 4640 al.
455 4591 483 4656 6)
503 4587 530 4640 iu
548 4589 582 4640 14.
602 4589 626 4640 X
645 4587 680 4641 ad
700 4591 743 4658 32,
757 4591 773 4641 9
787 4603 827 4656 sq.
846 4587 930 4655 (Beeu
948 4586 1150 4656 interpretetur)
1170 4585 1371 4655 probamentum
1391 4591 1419 4638 et
1438 4582 1558 4653 tinnitus,
