3458 5306
839 395 999 491 -152-

277 627 306 677 c.
334 605 453 695 Pelag.
482 607 510 694 Ι,
540 609 587 676 28
617 606 658 676 ‘si
686 603 854 696 Origenes
881 628 998 678 omnes
1022 607 1246 678 rationabiles
1272 612 1448 678 creaturas
1476 607 1561 678 dicit

277 748 359 797 non
382 748 476 799 esse
502 727 762 816 perdendas,
789 733 824 797 ct
842 727 978 798 diabolo
997 727 1121 799 tribuit
1139 728 1409 816 poenitentiam',
1431 727 1476 816 11,
1501 731 1559 815 19,

278 845 356 916 adu.
385 845 501 917 Jouin.
524 850 551 935 l,
578 851 624 918 43
656 847 898 919 ‘Hasdrubalis
925 869 1012 917 uxor
1038 869 1114 918 cum
1142 869 1178 918 se
1205 854 1361 918 cerneret
1387 869 1407 918 a
1434 847 1561 918 Roma-

278 967 331 1036 nis
357 967 621 1056 capiendam
649 969 768 1042 esse'.
797 971 844 1037 45
870 965 1104 1054 14,,1411441.
1129 968 1352 1037 12441484
1382 966 1561 1057 ‘quidquid

278 1086 492 1175 delectabile,
511 1144 517 1155 .
539 1144 545 1157 .
565 1110 604 1158 eo
632 1088 807 1175 abutatur,
834 1088 885 1159 ita
910 1095 1026 1158 tamen
1052 1096 1092 1158 ut
1115 1110 1159 1157 so
1188 1088 1323 1158 nouerit
1348 1089 1383 1156 iu
1403 1086 1561 1157 omnibus

278 1208 589 1297 iudicandum’,
617 1208 723 1278 1414.
753 1208 804 1279 XI
831 1209 875 1278 ad
904 1211 963 1295 37,
995 1212 1040 1279 33
1070 1231 1120 1297 sq.
1150 1209 1215 1295 41.;
1241 1249 1294 1258 -
1319 1207 1431 1278 Rufin.
1462 1206 1558 1296 Orig.

278 1329 313 1398 in
346 1326 431 1398 Gen.
460 1328 551 1398 bom.
582 1333 615 1417 2,
653 1331 673 1399 5
713 1329 759 1398 ‘in
793 1329 949 1417 aspidum
990 1350 1139 1400 cauerna
1177 1350 1321 1416 puerum
1362 1349 1559 1416 paruum..

277 1449 502 1519 missurum
528 1471 665 1519 manum
693 1455 728 1520 et
754 1448 841 1519 nibil
871 1449 1158 1536 laedendum’,
1196 1448 1242 1518 id.
1272 1446 1368 1535 Orig.
1396 1448 1432 1516 in
1459 1448 1559 1518 Rom.

278 1567 339 1656 IV,
371 1574 387 1639 l
421 1569 582 1639 ‘dandum
610 1568 677 1639 sibi
703 1568 851 1640 credidit
876 1567 1009 1657 filium’,
1037 1568 1084 1638 ib.
1109 1572 1131 1638 4
1159 1590 1193 1657 p.
1224 1572 1296 1640 252
1325 1568 1457 1638 Lomm.
1490 1569 1561 1657 ‘qui

277 1695 419 1778 sperant
444 1690 508 1760 sibi
537 1711 557 1760 a
585 1689 658 1760 Deo
685 1689 855 1760 iustitiam
882 1689 1134 1777 reputandam’,
1160 1689 1206 1759 id.
1236 1689 1325 1777 apol.
1353 1688 1432 1759 adu.
1460 1687 1558 1758 Hier.

277 1810 305 1898 I,
346 1813 368 1880 8
411 1810 566 1881 ‘ecclesia
583 1864 589 1878 .
608 1864 615 1879 .
635 1831 746 1898 neque
763 1864 769 1879 .
787 1863 795 1878 .
815 1789 1106 1897 incorruptionem
1142 1809 1253 1879 futuri
1286 1808 1385 1894 44441
1423 1807 1508 1878 dicit
1541 1830 1562 1878 a

277 1931 497 2018 corruptione
523 1929 787 2019 possidendam',
816 1930 862 2000 ib.
892 1932 937 2000 10
967 1930 1013 1999 ‘in
1040 1950 1109 2018 qua
1135 1930 1369 2020 (restitutione
1395 1928 1561 2015 omnium)

276 2070 343 2120 non
371 2049 481 2120 solum
507 2071 623 2120 omnes
653 2057 851 2137 peccatores
878 2049 1115 2136 absoluendos,
1155 2050 1226 2120 sed·
1245 2055 1281 2119 et
1304 2050 1417 2137 ipsum
1441 2049 1562 2120 diabo-

277 2169 347 2239 lum
376 2179 411 2241 et
437 2170 577 2259 angelos
606 2171 679 2240 eius
707 2170 910 2259 quandoque
924 2151 1021 2240 dicit
1039 2169 1244 2240 relaxandos
1265 2190 1339 2239 esse
1357 2167 1400 2238 de
1417 2169 1560 2258 poeuis’,

277 2288 324 2360 id.
351 2288 448 2378 Orig.
473 2291 509 2360 in
537 2291 622 2362 Jesu
648 2292 747 2361 Naue
773 2291 807 2360 b.
837 2295 894 2377 11,
923 2296 943 2360 2
972 2291 1032 2374 14,,
1069 2291 1116 2360 id.
1145 2289 1289 2379 Pamph.
1318 2310 1382 2377 pro
1410 2286 1506 2376 0414.
1539 2292 1559 2360 5

277 2431 311 2498 p.
341 2412 414 2480 354
440 2411 505 2498 al.;
536 2451 581 2460 —
611 2409 738 2499 Sulpic.
766 2409 843 2481 Seu.
872 2411 988 2481 chron.
1017 2410 1045 2498 1,
1077 2417 1134 2499 11,
1166 2413 1185 2481 5
1226 2413 1337 2480 ‘erant
1372 2409 1408 2478 in
1441 2407 1562 2480 eadem

278 2529 434 2600 custodia
460 2530 610 2600 ministri
635 2531 728 2620 44414
761 2530 842 2618 duo,
882 2531 940 2620 qui
977 2552 1052 2601 cum
1087 2532 1219 2602 somnia
1254 2553 1316 2602 sua
1351 2529 1394 2600 ad
1430 2529 1561 2616 Josepb

279 2650 490 2739 retulissent,
518 2672 622 2720 unum
642 2672 760 2721 eorum
776 2671 903 2738 poenas
930 2652 1042 2740 capite
1067 2651 1286 2739 luiturum,
1314 2651 1419 2720 alium
1447 2648 1562 2718 absol-

279 2770 463 2842 uendum
497 2772 759 2860 pronuntiauit’,
788 2771 831 2859 11,
862 2776 908 2843 33
947 2773 1065 2842 ‘sacris
1098 2773 1258 2858 4441544,
1295 2770 1412 2842 decem
1448 2769 1563 2858 plagis

279 2891 442 2962 mundum
470 2892 777 2979 afficiendum,
810 2893 1070 2980 pronuntiatum
1098 2895 1175 2978 est’,
1209 2892 1234 2980 1,
1266 2896 1298 2980 6,
1331 2896 1362 2979 1,
1391 2914 1424 2961 u.
1453 2890 1561 2961 Mart.

283 3015 340 3099 16,
371 3015 393 3081 4
423 3011 575 3100 ‘confido
611 3013 702 3101 quod
728 3033 791 3101 per
817 3019 851 3082 te
879 3011 1104 3082 reddenda
1131 3012 1188 3081 sit
1215 3012 1380 3099 sanitati’,
1407 3014 1465 3098 23,
1496 3012 1562 3097 11;

281 3173 328 3181 -
345 3130 629 3221 0444111411111,
648 3136 693 3204 39
713 3133 784 3202 ‘illa
799 3134 936 3223 (aurum
950 3130 1213 3221 argentumque)
1232 3153 1311 3202 mox
1329 3132 1563 3220 proferen-

280 3251 374 3322 dum
402 3252 596 3341 spopondit,
626 3273 664 3323 44
687 3252 861 3340 44414111’;
894 3294 935 3301 --
964 3252 1055 3323 Viet.
1084 3254 1167 3341 epit.
1194 3257 1254 3337 44,
1285 3258 1305 3322 2
1334 3252 1565 3340 ί441414444-

279 3379 414 3461 ceptum
443 3373 570 3444 somnis
596 3380 659 3460 cst,
689 3395 777 3461 eum,
803 3374 861 3462 qui
887 3374 955 3443 iam
981 3373 1132 3444 instante
1157 3373 1274 3443 uxoris
1303 3379 1406 3461 partu
1435 3372 1564 3442 eden-

280 3492 358 3563 dus
385 3493 484 3581 foret,
514 3492 644 3564 diceret
670 3493 879 3581 Jouianum’,
908 3493 954 3561 ib.
989 3497 1044 3580 14,
1076 3496 1113 3580 5;
1142 3535 1177 3542 -
1216 3491 1299 3563 Ood.
1330 3491 1459 3563 Theod.
1480 3490 1561 3580 VH,

284 3618 314 3702 l,
347 3617 390 3684 13
419 3614 539 3706 (impp.
567 3611 679 3701 Grat,
709 3612 884 3684 Valentio.
915 3620 950 3683 et
985 3612 1186 3702 Theodos.):
1226 3620 1265 3683 ut
1295 3635 1383 3683 unus
1416 3613 1564 3702 quisque

279 3733 438 3804 tribunus
466 3740 628 3822 agnoscat
658 3734 759 3822 graui
793 3755 828 3804 se
864 3733 1135 3803 subdendum
1168 3755 1264 3804 esse
1298 3733 1484 3822 supplicio,
1527 3735 1564 3801 in

279 3853 375 3925 cuius
406 3862 507 3942 parte
540 3855 732 3942 neglectum
769 3852 995 3942 probabitur.
1016 3909 1022 3922 .
1040 3854 1257 3941 imperatum,
1296 3854 1338 3922 cf.
1371 3852 1418 3921 ib.
1452 3852 1475 3921 1.
1514 3855 1562 3924 17

280 3979 315 4045 41
345 3976 402 4062 18,
438 3978 527 4063 192,
562 3975 585 4043 1.
621 3980 661 4063 2;
690 4015 739 4024 -
772 3973 882 4044 Μ444.
911 3972 982 4044 Sat.
1012 3974 1039 4060 I,
1079 3978 1137 4050 10.
1176 3978 1220 4044 13
1259 3977 1314 4044 ‘ne
1348 3972 1562 4042 commodum

278 4096 411 4183 primae
438 4096 636 4185 occasionis,
663 4116 738 4165 cum
767 4117 803 4166 se
838 4094 973 4165 domum
1004 4096 1192 4182 reciperet,
1230 4093 1497 4164 offerendae
1523 4093 1562 4183 (i.

280 4237 316 4287 se
346 4216 540 4304 oblaturae)
572 4218 847 4304 aspernaretur’,
880 4258 922 4264 -—
957 4213 1111 4286 Cassian.
1140 4236 1233 4285 coen.
1262 4215 1342 4284 inst.
1372 4214 1414 4302 X,
1450 4217 1473 4283 4
1512 4217 1564 4284 ‘ut

280 4334 403 4406 dextra
428 4338 596 4424 laeuaque
623 4337 652 4407 si
678 4336 856 4425 paululum
884 4335 1104 4406 deflectamus
1135 4335 1282 4405 sciamus
1307 4355 1368 4404 nos
1393 4334 1565 4423 pernicio·

280 4456 327 4526 sis
350 4478 428 4526 mox
454 4457 612 4528 cautibus
633 4456 909 4544 illidendos'3
930 4498 980 4506 —
1001 4455 1116 4527 Sidon.
1137 4456 1289 4544 Apollin.
1313 4456 1430 4546 (unum
1450 4454 1563 4524 locum

280 4577 337 4647 cit.
365 4576 463 4648 Neue
486 4575 510 4648 1.
539 4578 598 4667 1.);
634 4619 673 4627 -
700 4575 853 4649 Cassiod.
882 4579 917 4647 14
944 4599 995 4666 ps.
1024 4580 1083 4665 78,
1114 4582 1135 4648 0
1172 4577 1337 4648 ‘sciebant
1371 4597 1407 4647 se
1439 4597 1459 4646 a
1489 4575 1562 4646 Do-
