3458 5306
837 368 997 466 Q-

278 579 335 669 al,
364 585 619 669 —praeterea
646 578 923 672 subrepente.
965 580 1220 652 Particulamm
1247 602 1280 670 q.
1309 579 1466 652 111111
1493 579 1563 652 alio

276 702 351 772 loco
375 700 611 772 disseruimus.

364 822 403 892 ln
430 820 651 907 designandis
678 841 741 909 per
767 821 948 893 literarum
974 822 1103 894 iormas
1137 823 1385 912 temporalibus
1419 823 1564 912 quibus-

278 941 367 1031 dam,
401 943 629 1031 inquantum
658 940 949 1030 idiieripotest,
981 965 1103 1014 uocum
1139 943 1343 1015 differentiis
1374 943 1563 1030 diligenter

277 1083 359 1133 sane
385 1062 517 1151 egimus
544 1068 579 1132 et
606 1061 860 1150 circumspecte,
889 1062 949 1134 111
967 1085 1030 1152 pro
1049 1063 1327 1152 lexicographiae
1345 1069 1439 1134 statu
1459 1082 1563 1151 prae·

277 1182 377 1254 senti.
430 1182 520 1253 Nam
545 1203 612 1271 quo
639 1183 750 1272 magis
776 1203 940 1254 excussae
967 1190 1068 1254 eruut
1101 1204 1122 1252 a
1155 1182 1410 1272 lexicographis
1444 1190 1562 1272 poste-

276 1303 379 1374 rioris
404 1303 607 1374 literaturae
634 1303 752 1392 copiae
779 1301 891 1373 adhuc
917 1303 994 1391 plus
1028 1302 1122 1374 licito
1156 1303 1349 1393 neglectae,
1383 1326 1423 1374 eo
1457 1303 1561 1392 plura

276 1425 312 1493 in
338 1422 392 1494 his
420 1444 554 1513 quoque
579 1423 708 1494 nostris
734 1423 863 1512 corrigi
885 1430 1050 1512 poterunt
1078 1445 1118 1494 ac
1141 1425 1335 1495 reformari.
1384 1425 1559 1495 Nimirum

276 1543 342 1613 iam
371 1564 460 1613 nunc
484 1541 586 1613 uideo
614 1543 782 1632 quaedam
807 1543 843 1613 in
868 1542 933 1614 hoc
959 1565 1085 1632 genere
1115 1566 1190 1616 esse
1216 1544 1440 1633 immutanda,
1471 1566 1500 1615 e.
1529 1566 1557 1616 c.

276 1683 344 1734 non
367 1662 617 1752 pinguiusculis
642 1663 753 1734 literis
781 1662 971 1753 scribenda,
1000 1664 1061 1736 sed
1087 1665 1235 1755 obliquis
1256 1666 1425 1737 diductis:
1454 1688 1487 1756 p.
1510 1669 1558 1737 68

277 1782 588 1874 impoenitens,
616 1789 736 1872 utpote
764 1782 855 1872 quod
872 1771 985 1854 vhabet
1012 1785 1116 1856 etiam
1143 1785 1256 1856 Rufin.
1283 1787 1319 1856 in
1345 1786 1445 1857 Rom.
1467 1785 1513 1874 11,
1535 1790 1555 1856 1

278 1907 347 1974 ‘cor
383 1905 634 1993 impoenitens',
669 1925 702 1994 p.
734 1908 779 1977 63
815 1904 1249 1976 inconuertibiliter
1281 1905 1409 2000 (Rufin.
1446 1907 1556 1996 princ.

278 2023 321 2111 ll,
352 2028 385 2113 6,
416 2023 451 2112 1)
485 2032 520 2095 11
551 2025 637 2111 1111,
676 2046 764 2113 quae
796 2025 940 2096 inferius
974 2027 1120 2097 correxi.
1174 2027 1252 2097 Non
1278 2026 1351 2099 lere
1377 2027 1560 2098 admisisse

275 2167 337 2216 nos
362 2145 397 2215 in
423 2145 609 2217 laterculos
635 2145 870 2233 praediximus
896 2167 1015 2234 uoces,
1049 2168 1135 2236 quas
1166 2148 1201 2216 in
1231 2145 1265 2217 S.
1291 2145 1325 2216 S.
1352 2154 1421 2218 uet.
1451 2147 1559 2219 fuisse

276 2268 451 2355 sciremus,
487 2267 715 2356 obrepserunt
751 2273 866 2338 tamen
898 2268 1002 2338 etiam
1037 2268 1229 2340 inconsulto
1259 2268 1427 2355 pauculae
1453 2289 1559 2357 quae-

276 2387 366 2478 dam,
392 2392 431 2458 11
453 2409 487 2476 p.
520 2390 590 2458 108
618 2387 823 2458 1111111111.

364 2592 504 2658 Retectis
528 2597 603 2675 post
626 2593 855 2678 Hieronymum
878 2593 1023 2660 Rufini
1047 2597 1177 2677 scriptis
1202 2597 1248 2661 eis
1272 2613 1353 2678 quae
1378 2595 1437 2660 sub
1461 2613 1556 2659 11111

277 2689 370 2747 erant
401 2683 487 2764 (nam
512 2701 594 2764 quae
618 2683 839 2748 desiderabam
868 2704 925 2750 111
953 2685 1139 2766 impetraui)
1172 2705 1210 2750 ex
1241 2685 1480 2765 comparatione
1513 2685 1559 2748 in·

276 2771 384 2837 tellexi
406 2773 438 2836 in
462 2771 627 2855 aliquanta
652 2772 832 2838 differentia
855 2773 1008 2857 saluaque
1032 2794 1090 2840 sua
1114 2775 1242 2857 utrique
1265 2773 1467 2857 proprietate
1488 2791 1560 2854 per-

276 2879 425 2942 magnum
450 2867 557 2926 tamen
581 2861 716 2927 duorum
740 2863 997 2928 aduersariorum
1031 2882 1100 2930 esse
1132 2869 1318 2929 concentum
1342 2869 1409 2928 tam
1433 2864 1464 2927 11
1489 2882 1561 2927 111-

276 2951 365 3015 sibus
388 2968 483 3033 quam
507 2955 577 3016 toto
601 2951 632 3015 11
656 2969 773 3030 genere
798 2952 977 3034 eloquendi.
1024 2953 1090 3018 Nec
1121 2972 1197 3018 sane
1227 2953 1398 3018 admodum
1431 2952 1560 3017 mireris

275 3037 447 3120 allegorico
486 3041 638 3106 historias
672 3041 702 3106 S.
738 3039 768 3106 S.
805 3042 1040 3123 interpretandi
1072 3043 1167 3108 modo
1202 3043 1381 3108 consentire
1415 3041 1559 3106 eiusdem

277 3128 426 3209 Origenis
448 3128 585 3196 alterum
610 3137 829 3212 excerptorem
853 3129 907 3218 (cf.
925 3132 1028 3198 11111.
1046 3133 1128 3212 apol.
1146 3131 1187 3214 Il,
1201 3131 1268 3220 31),
1293 3130 1429 3196 alterum
1454 3136 1560 3196 trans·

275 3218 425 3298 latorem,
457 3238 515 3283 nec
544 3219 654 3299 lingua
685 3220 920 3303 uerborumque
945 3240 1005 3286 usu
1029 3239 1203 3288 consonare
1228 3227 1418 3286 coaetaneos
1441 3237 1560 3302 aequa-

275 3308 413 3390 literque
437 3309 613 3390 disciplinis
636 3310 855 3388 grammaticis
879 3311 1032 3376 eruditos.
1080 3311 1184 3388 Quare
1208 3328 1266 3392 pro
1290 3309 1434 3374 instituti
1456 3310 1560 3375 nostri

276 3398 410 3476 ratione,
435 3417 499 3480 qua
522 3416 585 3463 non
610 3398 797 3483 Hieronymi
821 3419 879 3481 per
903 3418 946 3477 se,
979 3401 1034 3464 sed
1059 3420 1115 3481 per
1138 3400 1242 3482 ipsum
1266 3399 1395 3479 linguae
1419 3405 1560 3464 coutem-

276 3486 396 3569 poralis
419 3489 587 3569 appetitur
611 3488 641 3551 in
667 3489 880 3569 cognitionem
904 3489 1054 3571 qualitas,
1081 3489 1193 3554 melius
1218 3488 1363 3570 prolecto
1379 3487 1497 3568 luerat,
1521 3489 1559 3570 si,

275 3577 543 3659 quemadmodum
566 3576 671 3641 lacere
697 3578 874 3658 cogitamus
906 3580 938 3643 11
962 3598 1023 3644 usu
1047 3579 1223 3662 syntectico
1247 3577 1435 3660 llieronymi
1458 3578 1561 3644 disse-

273 3667 385 3745 renda,
418 3667 464 3731 ita
494 3667 526 3731 11
558 3665 631 3731 111
655 3686 782 3749 quoque
805 3673 898 3749 parte
922 3668 1095 3733 uerborum
1119 3687 1209 3733 usnm
1235 3671 1477 3749 perscrutantes
1500 3686 1561 3748 per

275 3755 402 3836 singula
433 3755 473 3820 ab
504 3756 596 3820 initio
627 3755 733 3821 Rufini
764 3757 1038 3822 coniunxissemus
1068 3777 1171 3822 usum.
1219 3760 1262 3822 Α1
1292 3775 1376 3821 1111
1399 3762 1503 3821 totum
1527 3756 1560 3821 in

275 3843 359 3910 calce
382 3852 528 3911 retexere
561 3846 852 3928 consonantiueque
883 3847 914 3910 in
942 3848 1051 3912 uerbis
1074 3847 1218 3926 exempla
1241 3865 1322 3929 quae
1349 3845 1481 3911 collecta
1504 3847 1560 3910 ba·

276 3936 386 4000 bemus
424 3935 562 4017 plurima
599 3934 652 4000 hic
689 3935 750 4001 loci
790 3935 969 4001 subinferre
1008 3937 1214 4002 haesitamus.
1275 3935 1346 4000 Non
1387 3935 1471 3999 enim
1510 3954 1560 4000 se·

274 4023 367 4090 lectis
398 4023 580 4112 pauculis*)
620 4025 793 4108 quidquam
827 4024 1008 4107 proficitur,
1049 4026 1195 4091 omnibus
1227 4025 1485 4092 testimoniorum
1519 4025 1560 4089 de

365 4259 393 4328 *)
412 4259 449 4312 Vt
473 4265 536 4313 sunt
560 4259 764 4313 instrumentum
788 4276 837 4328 pro
860 4267 1047 4315 testamentum
1070 4261 1107 4329 (p.
1127 4261 1174 4328 41)
1198 4259 1287 4313 Rufin.
1310 4258 1382 4325 Orig.
1407 4257 1433 4312 in
1455 4258 1505 4328 Ep.
1523 4257 1559 4313 ad

274 4348 351 4402 Rom.
370 4347 392 4415 l,
415 4350 448 4402 18
466 4353 555 4414 uetus,
579 4348 650 4417 apol.
669 4349 705 4417 II,
725 4352 758 4402 33
778 4349 910 4420 diuinum,
935 4349 1082 4419 principale
1101 4349 1188 4403 cordis
1208 4352 1246 4418 (p.
1265 4349 1311 4419 50)
1330 4347 1420 4402 Rufio.
1439 4347 1512 4416 Orig.
1531 4349 1560 4402 in

274 4436 361 4492 Exod.
380 4437 451 4491 hom.
470 4441 531 4507 9,4
556 4437 702 4506 ‘pars..in
721 4439 992 4509 eo,.pretiosissima
1016 4440 1146 4504 omnium,
1176 4437 1248 4506 quod
1275 4437 1384 4506 quidam
1412 4437 1560 4506 principale

274 4525 362 4582 cordis
381 4526 527 4597 appellant,
545 4527 592 4582 alii
611 4527 770 4583 rationalem
788 4544 893 4584 sensum
908 4529 1063 4598 (Vernunft)
1082 4536 1129 4584 aut
1148 4528 1354 4583 intellectualem
1371 4527 1558 4594 substantiam,

274 4615 318 4676 uel
336 4631 495 4691 quocunque
513 4616 592 4677 modo
610 4617 741 4692 appellari
759 4624 847 4693 potest
864 4617 892 4674 111
910 4617 986 4675 uobis
1005 4619 1092 4690 portio
1111 4617 1194 4672 nostri
1213 4616 1269 4690 illa,
1287 4631 1336 4686 per
1350 4632 1430 4688 quam
1443 4631 1559 4686 capaces
