3480 5304
794 375 879 468 tta-

176 583 377 676 41183131.
354 585 477 656 733
481 585 617 656 33133313
655 586 678 654 i.
714 583 1117 674 333331.833333·1313333313.
1159 586 1203 655 N
1240 585 1279 655 F.
1320 586 1386 669 111,
1420 609 1453 675 p.

179 710 288 777 138-
306 709 385 796 69);
407 703 651 793 33313333313337),
673 703 1015 793 33333333133337)
1037 705 1455 792 31311337,7)313333113’13337,)

173 821 1457 920 73131133))6113[1]133.)33,1)3333333311331113333121133333-

176 945 958 1038 31131113337,)333333333111311113337),
995 945 1243 1017 ¹¹'incrodnlitns
1288 945 1457 1038 3331.)7),

175 1061 384 1144 infertilitas
412 1062 479 1154 (a),
512 1060 1294 1156 13333311111133(3733333333),133313311337),
1323 1067 1458 1156 topper

178 1186 328 1379 33313377),
355 1187 638 1276 3331313337),
666 1190 824 1259 33133133
835 1210 880 1257 33
892 1183 939 1274 7)
969 1185 1459 1278 3))33333133377),133331131-

176 1307 216 1377 13
204 1313 307 1388 333
309 1307 445 1398 78),
470 1305 961 1398 )333113133377),73333113737)
986 1305 1288 1396 )33331111333377),
1316 1311 1458 1396 singu-

176 1427 399 1517 1331333377),
424 1426 767 1518 sollemnitas¹¹,¹)
788 1425 1001 1518 3333113377),
1023 1423 1331 1519 substantialitas,
1353 1451 1458 1500 sum-

184 1673 502 1682 -———-—-—-.—.--

268 1857 295 1919 1)
320 1851 346 1903 in
367 1851 400 1904 13.
419 1851 490 1903 hom.
511 1855 536 1918 2,
558 1853 573 1902 2
600 1849 743 1903 ¹sermones
768 1847 849 1902 nostri
874 1847 1051 1904 amaritudine
1069 1848 1140 1918 pleni
1165 1855 1236 1907 sient.
1264 1849 1311 1919 ira,
1337 1849 1460 1904 3331333331-

177 1939 251 2006 tato',
271 1940 349 2002 173113.
370 1940 452 2006 (4**).
491 1943 518 2001 2)
539 1939 565 1992 in
585 1938 659 1992 Eccl.
680 1943 695 1990 3
716 1937 765 1990 3331.
785 1941 836 1992 467
857 1937 889 2001 (u
906 1955 930 2005 p.
949 1941 1000 1990 269
1015 1943 1042 1991 33
1058 1938 1145 1992 833331.
1160 1954 1186 2006 p.
1202 1943 1256 2006 21).
1295 1943 1323 2001 3)
1344 1938 1369 1990 in
1390 1937 1460 2008 Epo.

177 2029 203 2080 ll
225 2029 257 2080 ad
277 2031 303 2096 4,
324 2033 339 2080 5
359 2043 397 2096 sq.
421 2028 514 2096 ¹absit,
540 2035 569 2081 ut
592 2027 698 2081 nonsit
718 2025 743 2079 in
763 2025 943 2082 dominatione
962 2026 1047 2080 deims
1067 2028 1108 2080 uel
1130 2027 1155 2080 in
1175 2026 1273 2080 deitato
1293 2027 1459 2102 ulorninatio',

178 2117 240 2171 Did.
260 2117 324 2185 spir.
343 2125 428 2172 sanct.
450 2122 492 2188 18,
513 2123 556 2187 29,
577 2133 618 2186 op.
641 2121 682 2182 15,
702 2120 718 2168 4
738 2117 772 2170 al.
792 2115 838 2179 (31.
855 2114 875 2169 11
891 2131 916 2182 p.
932 2119 1005 2182 365).
1043 2119 1071 2183 4)
1091 2122 1120 2168 nt
1140 2115 1166 2168 in
1185 2115 1284 2170 llaeclr.
1304 2116 1342 2168 111
1363 2115 1397 2170 ad
1418 2120 1460 2179 ll,

178 2211 194 2259 2
215 2222 273 2274 sqq.
294 2208 334 2259 ‘nt
352 2223 368 2259 3
387 2206 493 2260 indaica
513 2206 640 2260 nlualitnte
661 2205 687 2258 in
706 2206 830 2258 rinionom
850 2221 898 2258 nos
918 2211 1024 2258 retrocet
1044 2205 1105 2258 lidei
1125 2203 1296 2258 clrristianae’
1317 2205 1363 2268 (3*
1382 2222 1408 2273 p.
1423 2207 1461 2272 8).

178 2299 206 2365 5)
226 2297 253 2349 in
272 2296 371 2350 Enoch.
393 2297 430 2349 lV
449 2297 483 2350 ad
512 2300 553 2365 13,
575 2300 607 2350 17
633 2311 691 2363 sqq.
716 2294 834 2348 falsitate
858 2295 1009 2360 ‹logmatnnr
1035 2309 1157 2364 suerrum,
1184 2311 1206 2348 c.
1232 2295 1462 2363 1313312533

177 2403 248 2454 saep.
291 2387 319 2454 6)
339 2401 380 2454 ep.
402 2389 461 2453 148,
484 2389 515 2438 15
540 2384 752 2453 impossibilitate
775 2383 959 2438 mandatorum
984 2384 1082 2451 prerm,
1107 2399 1130 2438 c.
1157 2384 1300 2451 17313311,
1321 2384 1461 2450 23113).

180 2480 206 2543 7)
230 2475 290 2528 Did.
309 2475 373 2543 spir.
392 2481 475 2528 sanct.
495 2479 511 2526 5
531 2473 667 2544 (Spiritus)
696 2474 806 2528 eandem
830 2471 930 2527 liabens
954 2473 1002 2536 (sc.
1027 2489 1088 2527 cum
1114 2474 1193 2527 Patre
1216 2479 1243 2528 et
1267 2471 1349 2539 171113)
1374 2473 1462 2526 incon-

178 2564 375 2618 nortibilitatem
400 2565 450 2632 (5).
493 2565 521 2631 8)
551 2579 592 2631 ep.
617 2567 664 2634 36,
692 2567 724 2616 16
754 2562 886 2616 ‘Christus
910 2561 1074 2616 ludaeorum
1103 2561 1287 2616 incredulitate
1311 2563 1462 2629 compulsos

177 2652 356 2720 proficiscitur
375 2651 401 2705 in
420 2651 586 2721 slalilaeam’,
606 2667 629 2705 c.
649 2652 739 2719 Pelag.
756 2653 791 2720 ll,
810 2655 841 2704 14
861 2649 919 2720 (ini.
933 2668 959 2719 p.
973 2655 1030 2720 36),
1051 2651 1078 2704 in
1097 2652 1177 2704 lllttln.
1197 2652 1236 2704 lll
1255 2650 1289 2705 ad
1310 2653 1352 2722 16,
1374 2653 1408 2704 28
1427 2651 1461 2704 al.

178 2741 207 2809 9)
227 2741 252 2792 in
272 2741 342 2808 Epir.
362 2743 400 2794 111
420 2741 454 2795 ad
474 2745 499 2811 5,
520 2746 536 2794 3
556 2756 595 2809 sq.
620 2740 902 2807 ‘scurrilitas..quam
927 2755 974 2794 nos
998 2740 1191 2795 iocularitatem
1209 2740 1281 2794 alio
1301 2739 1383 2793 uerbo
1402 2755 1461 2808 pos-

178 2846 268 2882 sumus
286 2830 439 2899 appellaret
479 2832 522 2898 ln)
547 2846 587 2898 ep.
608 2834 651 2898 36,
672 2835 688 2884 6
712 2829 890 2898 longaeuitate
909 2831 1037 2884 moeroris
1061 2831 1221 2899 compulsus.
1260 2831 1305 2898 11)
1324 2845 1411 2899 saepe,
1432 2835 1462 2882 nt

178 2935 203 2972 n.
224 2934 246 2972 c.
266 2918 326 2972 3313.
345 2917 435 2972 Jorrin.
455 2919 477 2988 l,
498 2922 523 2988 8,
544 2934 567 2972 3.
587 2919 678 2973 13331333.
698 2923 740 2973 34.
780 2920 824 2987 12)
848 2925 878 2972 ut
897 2919 924 2971 in
943 2920 977 2972 13.
997 2920 1022 2971 X
1041 2919 1075 2973 ad
1094 2923 1137 2986 34,
1160 2924 1171 2972 1
1197 2919 1255 2973 loca
1274 2917 1463 2972 inhabitabilia

178 3006 314 3060 nimietate
337 3005 443 3074 frigoris
470 3013 497 3061 et
514 3006 618 3060 caloris.
658 3007 701 3075 19)
728 3007 800 3075 quod
824 3007 873 3060 etsi
897 3007 949 3060 iam
968 3005 1058 3074 Quint.
1078 3007 1216 3076 proposuit
1236 3008 1327 3076 «VIll,
1348 3010 1374 3076 3,
1395 3009 1461 3059 5533

179 3103 219 3149 333
237 3097 325 3164 etiam,
345 3111 414 3164 quae
432 3095 564 3164 periergia
583 3101 703 3165 uocatur,
724 3111 899 3166 supemaeua,
919 3102 956 3149 ut
974 3095 1022 3150 sic
1042 3095 1202 3164 dixerim,
1222 3095 1378 3164 operositas,
1399 3110 1463 3148 usus

179 3191 267 3238 tamen
287 3200 344 3238 esse
362 3184 468 3238 uidetur
488 3201 566 3254 neco,
585 3191 615 3238 nt
632 3192 694 3252 post
713 3185 785 3240 Tert.
804 3191 832 3239 et
851 3188 918 3254 Vop.
938 3193 1028 3239 noster
1046 3201 1087 3254 ep.
1101 3190 1145 3255 34,
1162 3191 1178 3239 5
1199 3191 1282 3240 ‘tanta
1301 3186 1463 3254 operositate

179 3275 250 3342 3333331
269 3275 378 3329 uolebat
396 3275 514 3342 intellegi
534 3291 596 3330 usus
616 3282 657 3329 est
674 3273 872 3345 persuadendi’.
904 3277 949 3344 14)
969 3289 991 3328 3.
1010 3274 1101 3342 Pelag.
1121 3275 1156 3343 11,
1180 3279 1203 3344 1,
1224 3275 1273 3343 lll,
1294 3278 1309 3328 3
1330 3275 1364 3328 al.
1384 3273 1416 3343 (a
1437 3291 1463 3342 p.

180 3365 253 3432 305).
291 3368 336 3433 15)
361 3380 402 3433 ep.
422 3368 465 3432 36,
489 3370 512 3434 1,
533 3365 593 3419 adu.
613 3363 704 3419 Jonin.
724 3366 746 3433 l,
767 3369 810 3434 37,
830 3364 891 3419 adu.
912 3363 999 3417 Lucii.
1020 3364 1107 3418 2731.
1147 3367 1190 3432 16)
1215 3362 1310 3432 Capit,
1331 3363 1416 3417 Ililar.
1437 3363 1463 3416 in

180 3453 277 3506 Mattlr.
297 3457 323 3520 4,
344 3458 360 3507 7
379 3454 460 3523 uitae,
481 3485 514 3494 —
536 3454 607 3508 llier.
627 3469 669 3522 ep.
691 3457 751 3522 107,
772 3457 787 3506 6
807 3453 925 3508 illibatae
944 3453 1057 3523 animae,
1077 3469 1100 3506 c.
1120 3453 1211 3520 Pelag.
1226 3453 1276 3522 111,
1296 3457 1320 3518 1,
1338 3455 1380 3521 15,
1400 3453 1462 3506 adn.

179 3541 269 3594 donin.
288 3542 309 3609 l,
331 3545 346 3594 7
366 3547 391 3594 33
409 3557 555 3610 333133,μ
576 3541 723 3610 impuritas,
744 3542 815 3609 qnod
837 3542 892 3596 (lic.
911 3543 1000 3597 adhuc
1020 3547 1146 3596 censetur
1164 3542 1262 3596 habere
1281 3541 1365 3608 solus,
1387 3543 1413 3594 in
1429 3543 1463 3595 13.

180 3630 244 3682 XVI
263 3629 297 3683 ad
313 3633 356 3697 57,
373 3633 389 3682 4
408 3645 447 3697 sq.
469 3629 522 3684 ‘isti
542 3629 694 3700 (haeretici)
713 3637 811 3684 nocant
829 3648 873 3686 eos
895 3648 961 3700 quos
981 3632 1141 3699 deceperunt
1160 3629 1193 3684 ad
1204 3671 1211 3684 .
1222 3671 1228 3685 .
1239 3631 1383 3686 simulacra
1402 3630 1463 3698 dog·

180 3725 279 3770 matum
307 3733 464 3787 suorum..,
498 3721 649 3788 uoluptates
677 3719 730 3774 illis
763 3720 917 3789 pollicentes
950 3721 1007 3773 siue
1041 3720 1158 3774 celantes
1191 3719 1357 3788 impuritates
1385 3718 1463 3772 sues'.

183 3812 227 3874 17)
251 3813 280 3860 ut
304 3823 345 3876 ep.
367 3811 427 3877 119,
449 3812 479 3861 11
507 3825 581 3863 meae
605 3808 767 3877 pusillitatis
807 3811 850 3878 18)
876 3809 903 3862 in
927 3808 1027 3862 Ezeeh.
1051 3809 1122 3862 horn.
1149 3811 1174 3877 9,
1197 3813 1209 3860 1
1238 3807 1293 3861 ¹ubi
1312 3807 1406 3876 uirtus,
1428 3807 1463 3860 ibi

180 3897 361 3964 singularitas,
388 3896 425 3949 ibi
448 3897 521 3950 unio'
545 3898 580 3952 al.
624 3898 668 3966 19)
693 3897 721 3951 in
741 3899 815 3952 Cant.
835 3906 868 3953 tr.
891 3905 902 3951 1
924 3899 974 3952 col.
994 3903 1044 3951 501
1071 3899 1156 3950 ‘nemo
1182 3897 1234 3951 nisi
1258 3897 1285 3950 in
1304 3897 1464 3951 sollemnita-

181 3985 251 4039 tilms
271 3984 362 4052 canit’,
387 4002 428 4054 ep.
449 3990 492 4053 78,
515 3991 546 4039 12
573 3987 652 4041 ‘unde
677 3988 849 4041 Pentecostes
872 3988 1022 4041 celebratur
1048 3985 1230 4052 sollemnitas,
1252 4017 1284 4023 —-
1304 4002 1345 4053 cp.
1366 3989 1426 4054 100,
1448 3990 1463 4038 3

181 4074 293 4143 (anima)
319 4074 346 4127 in
369 4075 497 4144 templum
522 4091 600 4130 uersa
617 4076 667 4128 Dei
692 4077 801 4129 coelesti
825 4077 923 4144 iugiter
946 4075 1123 4130 sollemnitate
1142 4075 1288 4144 perfruitur
1306 4074 1407 4128 habens
1426 4073 1465 4127 di·

181 4163 262 4216 uitias
281 4163 476 4217 obserimntiam
496 4165 577 4233 legis,
604 4181 673 4232 quae
692 4165 808 4219 iacentes
827 4166 956 4234 suscitat’,
977 4165 1011 4219 ib.
1032 4169 1047 4218 5
1069 4165 1176 4218 ‘iustum
1195 4170 1236 4217 est
1254 4162 1464 4230 cunctos..dig-

182 4268 242 4304 nam
260 4266 386 4320 peragere
405 4253 619 4322 sollemnitatem,
639 4255 809 4308 continentiis
828 4270 933 4322 quoque
952 4269 984 4308 ac
1003 4253 1109 4308 ieiuniis
1127 4253 1256 4306 redimere
1277 4251 1463 4306 castitatem!

182 4341 228 4410 (τ-
247 4340 314 4394 31333
340 4343 602 4412 33133133333133337),
628 4343 662 4396 cf.
687 4349 713 4396 et
737 4345 805 4411 Aug.
830 4359 872 4410 ap.
897 4341 970 4395 llier.
994 4358 1035 4411 ep.
1063 4346 1122 4410 112,
1150 4345 1196 4394 15;
1221 4339 1353 4409 putabant
1374 4345 1466 4394 uetera

182 4438 347 4485 sacramenta
366 4448 418 4484 non
438 4447 471 4484 ex
490 4432 679 4485 consuetudine
698 4431 896 4501 sollemnitatis,
921 4431 967 4484 sed
985 4447 1019 4484 ex
1037 4431 1195 4484 necessitate
1214 4429 1308 4483 salutis
1328 4429 1464 4482 333333313-

181 4521 291 4576 branda.
328 4521 374 4588 20)
395 4521 632 4590 1331311133139,
650 4526 662 4574 l
685 4522 845 4588 ‘aegrotasse
859 4521 1004 4575 Ezechiam
1023 4527 1050 4574 ct
1067 4521 1197 4590 recepisse
1215 4519 1361 4589 prophetae
1373 4519 1465 4572 nuntio

183 4609 347 4679 sospitatem’
373 4610 417 4679 al,
431 4610 509 4676 Vulg.
535 4609 664 4679 (symm).

1270 4717 1304 4770 3*
