<?xml version="1.0" encoding="UTF-8"?>
<!DOCTYPE html PUBLIC "-//W3C//DTD XHTML 1.0 Transitional//EN"
    "http://www.w3.org/TR/xhtml1/DTD/xhtml1-transitional.dtd">
<html xmlns="http://www.w3.org/1999/xhtml" xml:lang="en" lang="en">
 <head>
  <title>
</title>
<meta http-equiv="Content-Type" content="text/html;charset=utf-8" />
  <meta name='ocr-system' content='tesseract 3.04.00' />
  <meta name='ocr-capabilities' content='ocr_page ocr_carea ocr_par ocr_line ocrx_word'/>
</head>
<body>
  <div class='ocr_page' id='page_1' title='image "./delatinitatebhi00paucgoog_0010.png"; bbox 0 0 3480 5304; ppageno 0'>
   <div class='ocr_carea' id='block_1_1' title="bbox 28 1377 1434 4521">
    <p class='ocr_par' dir='ltr' id='par_1_1' title="bbox 28 1377 1431 2596">
     <span class='ocr_line' id='line_1_1' title="bbox 28 1377 1429 1510; baseline -0.001 -21"><span class='ocrx_word' id='word_1_1' title='bbox 28 1497 29 1500; x_wconf 8' lang='grc' dir='ltr'><strong>Ἴ</strong></span> <span class='ocrx_word' id='word_1_2' title='bbox 145 1377 364 1510; x_wconf 84' lang='lat' dir='ltr'>Hieronymi</span> <span class='ocrx_word' id='word_1_3' title='bbox 392 1418 522 1508; x_wconf 90' lang='lat' dir='ltr'><strong>scripta</strong></span> <span class='ocrx_word' id='word_1_4' title='bbox 548 1425 740 1506; x_wconf 91' lang='lat' dir='ltr'><strong>temporum</strong></span> <span class='ocrx_word' id='word_1_5' title='bbox 768 1416 843 1488; x_wconf 93' lang='lat' dir='ltr'><strong>eius</strong></span> <span class='ocrx_word' id='word_1_6' title='bbox 868 1414 1018 1506; x_wconf 89' lang='lat' dir='ltr'><strong>linguae,</strong></span> <span class='ocrx_word' id='word_1_7' title='bbox 1054 1416 1151 1488; x_wconf 89' lang='lat' dir='ltr'><strong>cuius</strong></span> <span class='ocrx_word' id='word_1_8' title='bbox 1183 1417 1214 1488; x_wconf 91' lang='lat' dir='ltr'><strong>is</strong></span> <span class='ocrx_word' id='word_1_9' title='bbox 1244 1423 1364 1488; x_wconf 83' lang='lat' dir='ltr'><strong>auctor</strong></span> <span class='ocrx_word' id='word_1_10' title='bbox 1390 1439 1429 1489; x_wconf 92' lang='lat' dir='ltr'><strong>ac</strong></span> 
     </span>
     <span class='ocr_line' id='line_1_2' title="bbox 145 1540 1429 1632; baseline -0.001 -17"><span class='ocrx_word' id='word_1_11' title='bbox 145 1546 246 1615; x_wconf 85' lang='lat' dir='ltr'><strong>tostis</strong></span> <span class='ocrx_word' id='word_1_12' title='bbox 273 1550 326 1615; x_wconf 89' lang='lat' dir='ltr'><strong>est</strong></span> <span class='ocrx_word' id='word_1_13' title='bbox 351 1541 656 1632; x_wconf 91' lang='lat' dir='ltr'><strong>locupletissimus,</strong></span> <span class='ocrx_word' id='word_1_14' title='bbox 692 1540 917 1630; x_wconf 83' lang='lat' dir='ltr'><strong>proprietatis</strong></span> <span class='ocrx_word' id='word_1_15' title='bbox 950 1541 1060 1612; x_wconf 90' lang='lat' dir='ltr'><strong>omnis</strong></span> <span class='ocrx_word' id='word_1_16' title='bbox 1087 1543 1281 1614; x_wconf 82' lang='lat' dir='ltr'><strong>accuratius</strong></span> <span class='ocrx_word' id='word_1_17' title='bbox 1308 1542 1429 1632; x_wconf 91' lang='lat' dir='ltr'><strong>digno·</strong></span> 
     </span>
     <span class='ocr_line' id='line_1_3' title="bbox 146 1657 1429 1754; baseline 0 -20"><span class='ocrx_word' id='word_1_18' title='bbox 146 1663 291 1735; x_wconf 89' lang='lat' dir='ltr'><strong>scendae</strong></span> <span class='ocrx_word' id='word_1_19' title='bbox 325 1683 429 1734; x_wconf 86' lang='lat' dir='ltr'><strong>causa</strong></span> <span class='ocrx_word' id='word_1_20' title='bbox 462 1659 581 1732; x_wconf 90' lang='lat' dir='ltr'><strong>sedulo</strong></span> <span class='ocrx_word' id='word_1_21' title='bbox 613 1657 848 1749; x_wconf 76' lang='lat' dir='ltr'><strong>perlegenteS,</strong></span> <span class='ocrx_word' id='word_1_22' title='bbox 890 1681 967 1732; x_wconf 93' lang='lat' dir='ltr'><strong>cum</strong></span> <span class='ocrx_word' id='word_1_23' title='bbox 1000 1660 1045 1732; x_wconf 90' lang='lat' dir='ltr'><strong>ad</strong></span> <span class='ocrx_word' id='word_1_24' title='bbox 1078 1661 1261 1734; x_wconf 91' lang='lat' dir='ltr'><strong>uerborum</strong></span> <span class='ocrx_word' id='word_1_25' title='bbox 1294 1683 1429 1754; x_wconf 90' lang='lat' dir='ltr'><strong>compo-</strong></span> 
     </span>
     <span class='ocr_line' id='line_1_4' title="bbox 145 1779 1428 1872; baseline -0.001 -17"><span class='ocrx_word' id='word_1_26' title='bbox 145 1783 304 1855; x_wconf 89' lang='lat' dir='ltr'><strong>sitionem</strong></span> <span class='ocrx_word' id='word_1_27' title='bbox 331 1782 456 1853; x_wconf 88' lang='lat' dir='ltr'><strong>intenti</strong></span> <span class='ocrx_word' id='word_1_28' title='bbox 483 1787 556 1852; x_wconf 95' lang='lat' dir='ltr'><strong>tum</strong></span> <span class='ocrx_word' id='word_1_29' title='bbox 585 1779 629 1851; x_wconf 89' lang='lat' dir='ltr'><strong>ad</strong></span> <span class='ocrx_word' id='word_1_30' title='bbox 667 1780 743 1870; x_wconf 90' lang='lat' dir='ltr'><strong>ipsa</strong></span> <span class='ocrx_word' id='word_1_31' title='bbox 770 1800 908 1870; x_wconf 89' lang='lat' dir='ltr'><strong>quoque</strong></span> <span class='ocrx_word' id='word_1_32' title='bbox 932 1780 1052 1868; x_wconf 89' lang='lat' dir='ltr'><strong>uerba,</strong></span> <span class='ocrx_word' id='word_1_33' title='bbox 1093 1801 1232 1870; x_wconf 88' lang='lat' dir='ltr'><strong>operam</strong></span> <span class='ocrx_word' id='word_1_34' title='bbox 1261 1781 1428 1872; x_wconf 90' lang='lat' dir='ltr'><strong>dedimus,</strong></span> 
     </span>
     <span class='ocr_line' id='line_1_5' title="bbox 145 1899 1430 1990; baseline 0 -15"><span class='ocrx_word' id='word_1_35' title='bbox 145 1913 184 1976; x_wconf 91' lang='lat' dir='ltr'><strong>ut</strong></span> <span class='ocrx_word' id='word_1_36' title='bbox 210 1927 327 1977; x_wconf 90' lang='lat' dir='ltr'><strong>omnes</strong></span> <span class='ocrx_word' id='word_1_37' title='bbox 355 1909 572 1974; x_wconf 89' lang='lat' dir='ltr'><strong>enotaremos</strong></span> <span class='ocrx_word' id='word_1_38' title='bbox 600 1900 774 1972; x_wconf 86' lang='lat' dir='ltr'><strong>adhibitas</strong></span> <span class='ocrx_word' id='word_1_39' title='bbox 800 1899 845 1970; x_wconf 91' lang='lat' dir='ltr'><strong>ab</strong></span> <span class='ocrx_word' id='word_1_40' title='bbox 864 1899 1075 1990; x_wconf 84' lang='lat' dir='ltr'><strong>Hieronymo</strong></span> <span class='ocrx_word' id='word_1_41' title='bbox 1096 1921 1197 1972; x_wconf 91' lang='lat' dir='ltr'><strong>uoces</strong></span> <span class='ocrx_word' id='word_1_42' title='bbox 1215 1901 1430 1975; x_wconf 89' lang='lat' dir='ltr'><strong>deriuatiuas</strong></span> 
     </span>
     <span class='ocr_line' id='line_1_6' title="bbox 145 2019 1428 2112; baseline 0 -16"><span class='ocrx_word' id='word_1_43' title='bbox 145 2026 359 2097; x_wconf 89' lang='lat' dir='ltr'><strong>nouicias.</strong></span> <span class='ocrx_word' id='word_1_44' title='bbox 395 2022 558 2094; x_wconf 91' lang='lat' dir='ltr'><strong>Nouicias</strong></span> <span class='ocrx_word' id='word_1_45' title='bbox 576 2029 691 2092; x_wconf 89' lang='lat' dir='ltr'><strong>autem</strong></span> <span class='ocrx_word' id='word_1_46' title='bbox 717 2020 861 2090; x_wconf 91' lang='lat' dir='ltr'><strong>dicimus</strong></span> <span class='ocrx_word' id='word_1_47' title='bbox 880 2019 946 2108; x_wconf 90' lang='lat' dir='ltr'><strong>uel,</strong></span> <span class='ocrx_word' id='word_1_48' title='bbox 975 2027 1014 2090; x_wconf 93' lang='lat' dir='ltr'><strong>ut</strong></span> <span class='ocrx_word' id='word_1_49' title='bbox 1040 2022 1290 2112; x_wconf 76' lang='lat' dir='ltr'><strong>consueuimuS,</strong></span> <span class='ocrx_word' id='word_1_50' title='bbox 1318 2044 1428 2096; x_wconf 88' lang='lat' dir='ltr'><strong>recc.</strong></span> 
     </span>
     <span class='ocr_line' id='line_1_7' title="bbox 146 2140 1431 2236; baseline -0.001 -20"><span class='ocrx_word' id='word_1_51' title='bbox 146 2146 245 2236; x_wconf 87' lang='lat' dir='ltr'><strong>quasi</strong></span> <span class='ocrx_word' id='word_1_52' title='bbox 272 2147 361 2235; x_wconf 92' lang='lat' dir='ltr'><strong>siglo</strong></span> <span class='ocrx_word' id='word_1_53' title='bbox 388 2143 608 2232; x_wconf 83' lang='lat' dir='ltr'><strong>designamus</strong></span> <span class='ocrx_word' id='word_1_54' title='bbox 635 2162 705 2228; x_wconf 80' lang='lat' dir='ltr'><strong>eaS,</strong></span> <span class='ocrx_word' id='word_1_55' title='bbox 743 2159 964 2231; x_wconf 85' lang='lat' dir='ltr'><strong>quaecunque</strong></span> <span class='ocrx_word' id='word_1_56' title='bbox 998 2141 1032 2210; x_wconf 92' lang='lat' dir='ltr'><strong>in</strong></span> <span class='ocrx_word' id='word_1_57' title='bbox 1069 2140 1181 2213; x_wconf 87' lang='lat' dir='ltr'><strong>literis</strong></span> <span class='ocrx_word' id='word_1_58' title='bbox 1207 2141 1326 2214; x_wconf 90' lang='lat' dir='ltr'><strong>latinis</strong></span> <span class='ocrx_word' id='word_1_59' title='bbox 1352 2151 1431 2234; x_wconf 87' lang='lat' dir='ltr'><strong>post</strong></span> 
     </span>
     <span class='ocr_line' id='line_1_8' title="bbox 146 2260 1428 2352; baseline -0.002 -16"><span class='ocrx_word' id='word_1_60' title='bbox 146 2265 317 2338; x_wconf 88' lang='lat' dir='ltr'><strong>Hadriani</strong></span> <span class='ocrx_word' id='word_1_61' title='bbox 352 2264 487 2336; x_wconf 92' lang='lat' dir='ltr'><strong>demum</strong></span> <span class='ocrx_word' id='word_1_62' title='bbox 522 2271 680 2352; x_wconf 87' lang='lat' dir='ltr'><strong>tempora</strong></span> <span class='ocrx_word' id='word_1_63' title='bbox 710 2260 808 2331; x_wconf 91' lang='lat' dir='ltr'><strong>nobis</strong></span> <span class='ocrx_word' id='word_1_64' title='bbox 845 2260 983 2350; x_wconf 90' lang='lat' dir='ltr'><strong>quidem</strong></span> <span class='ocrx_word' id='word_1_65' title='bbox 1017 2261 1244 2351; x_wconf 88' lang='lat' dir='ltr'><strong>innotescunt,</strong></span> <span class='ocrx_word' id='word_1_66' title='bbox 1284 2263 1365 2336; x_wconf 90' lang='lat' dir='ltr'><strong>licet</strong></span> <span class='ocrx_word' id='word_1_67' title='bbox 1394 2265 1428 2335; x_wconf 92' lang='lat' dir='ltr'><strong>in</strong></span> 
     </span>
     <span class='ocr_line' id='line_1_9' title="bbox 147 2381 1430 2476; baseline -0.001 -19"><span class='ocrx_word' id='word_1_68' title='bbox 147 2385 392 2457; x_wconf 89' lang='lat' dir='ltr'><strong>consuetudine</strong></span> <span class='ocrx_word' id='word_1_69' title='bbox 420 2384 598 2472; x_wconf 86' lang='lat' dir='ltr'><strong>aliquanta</strong></span> <span class='ocrx_word' id='word_1_70' title='bbox 624 2403 705 2470; x_wconf 89' lang='lat' dir='ltr'><strong>pars</strong></span> <span class='ocrx_word' id='word_1_71' title='bbox 740 2403 859 2453; x_wconf 89' lang='lat' dir='ltr'><strong>earum</strong></span> <span class='ocrx_word' id='word_1_72' title='bbox 886 2381 991 2454; x_wconf 86' lang='lat' dir='ltr'><strong>fuerit</strong></span> <span class='ocrx_word' id='word_1_73' title='bbox 1018 2382 1086 2453; x_wconf 93' lang='lat' dir='ltr'><strong>iam</strong></span> <span class='ocrx_word' id='word_1_74' title='bbox 1110 2389 1223 2455; x_wconf 89' lang='lat' dir='ltr'><strong>antea.</strong></span> <span class='ocrx_word' id='word_1_75' title='bbox 1279 2382 1430 2476; x_wconf 85' lang='lat' dir='ltr'><strong>(lonqui-</strong></span> 
     </span>
     <span class='ocr_line' id='line_1_10' title="bbox 146 2501 1228 2596; baseline -0.005 -20"><span class='ocrx_word' id='word_1_76' title='bbox 146 2507 232 2577; x_wconf 90' lang='lat' dir='ltr'><strong>sitas</strong></span> <span class='ocrx_word' id='word_1_77' title='bbox 258 2525 319 2596; x_wconf 91' lang='lat' dir='ltr'><strong>per</strong></span> <span class='ocrx_word' id='word_1_78' title='bbox 345 2525 472 2592; x_wconf 85' lang='lat' dir='ltr'><strong>genera</strong></span> <span class='ocrx_word' id='word_1_79' title='bbox 498 2503 650 2589; x_wconf 88' lang='lat' dir='ltr'><strong>digestas</strong></span> <span class='ocrx_word' id='word_1_80' title='bbox 681 2501 715 2572; x_wconf 92' lang='lat' dir='ltr'><strong>in</strong></span> <span class='ocrx_word' id='word_1_81' title='bbox 742 2501 996 2573; x_wconf 86' lang='lat' dir='ltr'><strong>laterculos</strong></span> <span class='ocrx_word' id='word_1_82' title='bbox 1022 2501 1228 2592; x_wconf 84' lang='lat' dir='ltr'><strong>redegimus.</strong></span> 
     </span>
    </p>

    <p class='ocr_par' dir='ltr' id='par_1_2' title="bbox 146 2619 1434 4521">
     <span class='ocr_line' id='line_1_11' title="bbox 232 2619 1431 2712; baseline -0.001 -15"><span class='ocrx_word' id='word_1_83' title='bbox 232 2627 273 2697; x_wconf 95' lang='lat' dir='ltr'><strong>In</strong></span> <span class='ocrx_word' id='word_1_84' title='bbox 309 2625 364 2696; x_wconf 92' lang='lat' dir='ltr'><strong>his</strong></span> <span class='ocrx_word' id='word_1_85' title='bbox 404 2622 581 2696; x_wconf 85' lang='lat' dir='ltr'><strong>laterculis</strong></span> <span class='ocrx_word' id='word_1_86' title='bbox 617 2641 739 2692; x_wconf 91' lang='lat' dir='ltr'><strong>uocum</strong></span> <span class='ocrx_word' id='word_1_87' title='bbox 777 2619 991 2712; x_wconf 84' lang='lat' dir='ltr'><strong>distinguere</strong></span> <span class='ocrx_word' id='word_1_88' title='bbox 1028 2621 1278 2712; x_wconf 91' lang='lat' dir='ltr'><strong>quodammodo</strong></span> <span class='ocrx_word' id='word_1_89' title='bbox 1317 2625 1431 2697; x_wconf 88' lang='lat' dir='ltr'><strong>conati</strong></span> 
     </span>
     <span class='ocr_line' id='line_1_12' title="bbox 146 2740 1430 2837; baseline -0.002 -18"><span class='ocrx_word' id='word_1_90' title='bbox 146 2754 305 2837; x_wconf 89' lang='lat' dir='ltr'><strong>tempora</strong></span> <span class='ocrx_word' id='word_1_91' title='bbox 329 2747 414 2836; x_wconf 91' lang='lat' dir='ltr'><strong>ipsis</strong></span> <span class='ocrx_word' id='word_1_92' title='bbox 440 2743 620 2816; x_wconf 89' lang='lat' dir='ltr'><strong>literarum</strong></span> <span class='ocrx_word' id='word_1_93' title='bbox 649 2740 778 2830; x_wconf 74' lang='lat' dir='ltr'><strong>formis</strong></span> <span class='ocrx_word' id='word_1_94' title='bbox 814 2763 872 2812; x_wconf 90' lang='lat' dir='ltr'><strong>eas</strong></span> <span class='ocrx_word' id='word_1_95' title='bbox 899 2762 1010 2832; x_wconf 92' lang='lat' dir='ltr'><strong>uoces,</strong></span> <span class='ocrx_word' id='word_1_96' title='bbox 1049 2764 1138 2833; x_wconf 88' lang='lat' dir='ltr'><strong>quae</strong></span> <span class='ocrx_word' id='word_1_97' title='bbox 1163 2751 1269 2817; x_wconf 90' lang='lat' dir='ltr'><strong>ante</strong></span> <span class='ocrx_word' id='word_1_98' title='bbox 1295 2745 1430 2817; x_wconf 87' lang='lat' dir='ltr'><strong>linem</strong></span> 
     </span>
     <span class='ocr_line' id='line_1_13' title="bbox 147 2860 1431 2956; baseline 0.001 -18"><span class='ocrx_word' id='word_1_99' title='bbox 147 2866 280 2938; x_wconf 90' lang='lat' dir='ltr'><strong>tertii</strong></span> <span class='ocrx_word' id='word_1_100' title='bbox 315 2887 350 2956; x_wconf 91' lang='lat' dir='ltr'><strong>p.</strong></span> <span class='ocrx_word' id='word_1_101' title='bbox 379 2863 417 2936; x_wconf 87' lang='lat' dir='ltr'><strong>C.</strong></span> <span class='ocrx_word' id='word_1_102' title='bbox 446 2861 593 2936; x_wconf 91' lang='lat' dir='ltr'><strong>seculi</strong></span> <span class='ocrx_word' id='word_1_103' title='bbox 627 2863 675 2952; x_wconf 88' lang='lat' dir='ltr'><strong>(h.</strong></span> <span class='ocrx_word' id='word_1_104' title='bbox 704 2883 734 2933; x_wconf 90' lang='lat' dir='ltr'><strong>e.</strong></span> <span class='ocrx_word' id='word_1_105' title='bbox 762 2861 841 2933; x_wconf 92' lang='lat' dir='ltr'><strong>inde</strong></span> <span class='ocrx_word' id='word_1_106' title='bbox 874 2883 895 2932; x_wconf 90' lang='lat' dir='ltr'><strong>a</strong></span> <span class='ocrx_word' id='word_1_107' title='bbox 928 2860 1058 2953; x_wconf 88' lang='lat' dir='ltr'><strong>Gellio,</strong></span> <span class='ocrx_word' id='word_1_108' title='bbox 1094 2863 1333 2956; x_wconf 68' lang='lat' dir='ltr'><strong>Appuleio,</strong></span> <span class='ocrx_word' id='word_1_109' title='bbox 1370 2867 1431 2939; x_wconf 89' lang='lat' dir='ltr'><strong>sed</strong></span> 
     </span>
     <span class='ocr_line' id='line_1_14' title="bbox 147 2982 1431 3076; baseline 0 -18"><span class='ocrx_word' id='word_1_110' title='bbox 147 2992 228 3058; x_wconf 83' lang='lat' dir='ltr'><strong>ante</strong></span> <span class='ocrx_word' id='word_1_111' title='bbox 256 2985 458 3074; x_wconf 85' lang='lat' dir='ltr'><strong>Arnobium,</strong></span> <span class='ocrx_word' id='word_1_112' title='bbox 487 2982 720 3069; x_wconf 77' lang='lat' dir='ltr'><strong>hortantium,</strong></span> <span class='ocrx_word' id='word_1_113' title='bbox 757 2982 944 3073; x_wconf 89' lang='lat' dir='ltr'><strong>scriptores</strong></span> <span class='ocrx_word' id='word_1_114' title='bbox 974 2983 1142 3056; x_wconf 88' lang='lat' dir='ltr'><strong>historiae</strong></span> <span class='ocrx_word' id='word_1_115' title='bbox 1169 2985 1363 3076; x_wconf 85' lang='lat' dir='ltr'><strong>Augustae)</strong></span> <span class='ocrx_word' id='word_1_116' title='bbox 1395 2989 1431 3058; x_wconf 93' lang='lat' dir='ltr'><strong>in</strong></span> 
     </span>
     <span class='ocr_line' id='line_1_15' title="bbox 147 3103 1430 3198; baseline 0.003 -22"><span class='ocrx_word' id='word_1_117' title='bbox 147 3107 260 3178; x_wconf 88' lang='lat' dir='ltr'><strong>literis</strong></span> <span class='ocrx_word' id='word_1_118' title='bbox 285 3113 529 3196; x_wconf 89' lang='lat' dir='ltr'><strong>agnoscuntur,</strong></span> <span class='ocrx_word' id='word_1_119' title='bbox 566 3104 678 3175; x_wconf 83' lang='lat' dir='ltr'><strong>forma</strong></span> <span class='ocrx_word' id='word_1_120' title='bbox 707 3103 888 3174; x_wconf 90' lang='lat' dir='ltr'><strong>literarum</strong></span> <span class='ocrx_word' id='word_1_121' title='bbox 916 3125 998 3175; x_wconf 92' lang='lat' dir='ltr'><strong>non</strong></span> <span class='ocrx_word' id='word_1_122' title='bbox 1025 3113 1194 3177; x_wconf 88' lang='lat' dir='ltr'><strong>mutata</strong></span> <span class='ocrx_word' id='word_1_123' title='bbox 1219 3107 1430 3198; x_wconf 89' lang='lat' dir='ltr'><strong>scripsimus,</strong></span> 
     </span>
     <span class='ocr_line' id='line_1_16' title="bbox 148 3221 1431 3314; baseline 0.002 -17"><span class='ocrx_word' id='word_1_124' title='bbox 148 3226 270 3298; x_wconf 90' lang='lat' dir='ltr'><strong>harum</strong></span> <span class='ocrx_word' id='word_1_125' title='bbox 303 3233 419 3300; x_wconf 86' lang='lat' dir='ltr'><strong>tamen</strong></span> <span class='ocrx_word' id='word_1_126' title='bbox 454 3245 530 3313; x_wconf 89' lang='lat' dir='ltr'><strong>eas,</strong></span> <span class='ocrx_word' id='word_1_127' title='bbox 572 3243 657 3313; x_wconf 89' lang='lat' dir='ltr'><strong>quas</strong></span> <span class='ocrx_word' id='word_1_128' title='bbox 688 3221 781 3312; x_wconf 92' lang='lat' dir='ltr'><strong>apud</strong></span> <span class='ocrx_word' id='word_1_129' title='bbox 814 3223 1169 3314; x_wconf 88' lang='lat' dir='ltr'><strong>Tertullianum,</strong></span> <span class='ocrx_word' id='word_1_130' title='bbox 1209 3227 1431 3300; x_wconf 89' lang='lat' dir='ltr'><strong>ecclesiastici</strong></span> 
     </span>
     <span class='ocr_line' id='line_1_17' title="bbox 149 3345 1429 3437; baseline 0.003 -20"><span class='ocrx_word' id='word_1_131' title='bbox 149 3346 278 3437; x_wconf 90' lang='lat' dir='ltr'><strong>eloquii</strong></span> <span class='ocrx_word' id='word_1_132' title='bbox 296 3347 396 3437; x_wconf 87' lang='lat' dir='ltr'><strong>quasi</strong></span> <span class='ocrx_word' id='word_1_133' title='bbox 415 3345 684 3432; x_wconf 87' lang='lat' dir='ltr'><strong>informatorem,</strong></span> <span class='ocrx_word' id='word_1_134' title='bbox 705 3350 843 3416; x_wconf 85' lang='lat' dir='ltr'><strong>exstare</strong></span> <span class='ocrx_word' id='word_1_135' title='bbox 862 3345 1063 3434; x_wconf 81' lang='lat' dir='ltr'><strong>sciebamus,</strong></span> <span class='ocrx_word' id='word_1_136' title='bbox 1086 3346 1199 3418; x_wconf 90' lang='lat' dir='ltr'><strong>literis</strong></span> <span class='ocrx_word' id='word_1_137' title='bbox 1217 3346 1429 3421; x_wconf 92' lang='lat' dir='ltr'><strong>diductis.</strong></span> 
     </span>
     <span class='ocr_line' id='line_1_18' title="bbox 149 3462 1433 3557; baseline 0.004 -21"><span class='ocrx_word' id='word_1_138' title='bbox 149 3467 259 3539; x_wconf 90' lang='lat' dir='ltr'><strong>Porro</strong></span> <span class='ocrx_word' id='word_1_139' title='bbox 293 3487 370 3557; x_wconf 89' lang='lat' dir='ltr'><strong>eae,</strong></span> <span class='ocrx_word' id='word_1_140' title='bbox 406 3486 494 3556; x_wconf 88' lang='lat' dir='ltr'><strong>quae</strong></span> <span class='ocrx_word' id='word_1_141' title='bbox 528 3463 607 3536; x_wconf 90' lang='lat' dir='ltr'><strong>inde</strong></span> <span class='ocrx_word' id='word_1_142' title='bbox 641 3462 693 3534; x_wconf 90' lang='lat' dir='ltr'><strong>ab</strong></span> <span class='ocrx_word' id='word_1_143' title='bbox 728 3470 913 3535; x_wconf 85' lang='lat' dir='ltr'><strong>exeunte</strong></span> <span class='ocrx_word' id='word_1_144' title='bbox 947 3465 1097 3536; x_wconf 91' lang='lat' dir='ltr'><strong>seculo</strong></span> <span class='ocrx_word' id='word_1_145' title='bbox 1131 3467 1200 3538; x_wconf 95' lang='lat' dir='ltr'><strong>Ill</strong></span> <span class='ocrx_word' id='word_1_146' title='bbox 1234 3477 1433 3556; x_wconf 87' lang='lat' dir='ltr'><strong>comparent</strong></span> 
     </span>
     <span class='ocr_line' id='line_1_19' title="bbox 150 3583 1432 3680; baseline 0.002 -22"><span class='ocrx_word' id='word_1_147' title='bbox 150 3587 243 3676; x_wconf 87' lang='lat' dir='ltr'><strong>apud</strong></span> <span class='ocrx_word' id='word_1_148' title='bbox 267 3588 463 3680; x_wconf 85' lang='lat' dir='ltr'><strong>scriptores,</strong></span> <span class='ocrx_word' id='word_1_149' title='bbox 492 3584 640 3675; x_wconf 82' lang='lat' dir='ltr'><strong>obliquis</strong></span> <span class='ocrx_word' id='word_1_150' title='bbox 666 3583 847 3656; x_wconf 88' lang='lat' dir='ltr'><strong>literarum</strong></span> <span class='ocrx_word' id='word_1_151' title='bbox 873 3584 993 3656; x_wconf 85' lang='lat' dir='ltr'><strong>formis</strong></span> <span class='ocrx_word' id='word_1_152' title='bbox 1018 3607 1201 3675; x_wconf 88' lang='lat' dir='ltr'><strong>expressae</strong></span> <span class='ocrx_word' id='word_1_153' title='bbox 1229 3597 1319 3678; x_wconf 88' lang='lat' dir='ltr'><strong>sunt,</strong></span> <span class='ocrx_word' id='word_1_154' title='bbox 1347 3610 1432 3679; x_wconf 91' lang='lat' dir='ltr'><strong>quas</strong></span> 
     </span>
     <span class='ocr_line' id='line_1_20' title="bbox 150 3705 1433 3799; baseline 0.002 -22"><span class='ocrx_word' id='word_1_155' title='bbox 150 3708 242 3780; x_wconf 89' lang='lat' dir='ltr'><strong>inter</strong></span> <span class='ocrx_word' id='word_1_156' title='bbox 266 3707 476 3778; x_wconf 80' lang='lat' dir='ltr'><strong>diductis</strong></span> <span class='ocrx_word' id='word_1_157' title='bbox 511 3705 714 3795; x_wconf 87' lang='lat' dir='ltr'><strong>conspicuae</strong></span> <span class='ocrx_word' id='word_1_158' title='bbox 748 3712 828 3776; x_wconf 87' lang='lat' dir='ltr'><strong>sunt</strong></span> <span class='ocrx_word' id='word_1_159' title='bbox 861 3727 932 3794; x_wconf 90' lang='lat' dir='ltr'><strong>eae,</strong></span> <span class='ocrx_word' id='word_1_160' title='bbox 970 3726 1114 3796; x_wconf 89' lang='lat' dir='ltr'><strong>quarum</strong></span> <span class='ocrx_word' id='word_1_161' title='bbox 1140 3707 1433 3799; x_wconf 88' lang='lat' dir='ltr'><strong>Hieronymus</strong></span> 
     </span>
     <span class='ocr_line' id='line_1_21' title="bbox 151 3825 1434 3918; baseline 0.003 -22"><span class='ocrx_word' id='word_1_162' title='bbox 151 3827 225 3917; x_wconf 90' lang='lat' dir='ltr'><strong>ipse</strong></span> <span class='ocrx_word' id='word_1_163' title='bbox 251 3835 372 3899; x_wconf 90' lang='lat' dir='ltr'><strong>auctor</strong></span> <span class='ocrx_word' id='word_1_164' title='bbox 397 3827 495 3898; x_wconf 89' lang='lat' dir='ltr'><strong>nobis</strong></span> <span class='ocrx_word' id='word_1_165' title='bbox 523 3833 576 3898; x_wconf 90' lang='lat' dir='ltr'><strong>est</strong></span> <span class='ocrx_word' id='word_1_166' title='bbox 604 3830 694 3900; x_wconf 89' lang='lat' dir='ltr'><strong>inter</strong></span> <span class='ocrx_word' id='word_1_167' title='bbox 720 3846 865 3898; x_wconf 90' lang='lat' dir='ltr'><strong>coaeuos</strong></span> <span class='ocrx_word' id='word_1_168' title='bbox 891 3825 1082 3915; x_wconf 90' lang='lat' dir='ltr'><strong>primus,</strong></span> <span class='ocrx_word' id='word_1_169' title='bbox 1112 3834 1151 3898; x_wconf 88' lang='lat' dir='ltr'><strong>ut</strong></span> <span class='ocrx_word' id='word_1_170' title='bbox 1178 3829 1314 3917; x_wconf 87' lang='lat' dir='ltr'><strong>ceteris,</strong></span> <span class='ocrx_word' id='word_1_171' title='bbox 1341 3828 1434 3918; x_wconf 90' lang='lat' dir='ltr'><strong>apud</strong></span> 
     </span>
     <span class='ocr_line' id='line_1_22' title="bbox 150 3943 1432 4039; baseline 0.004 -23"><span class='ocrx_word' id='word_1_172' title='bbox 150 3968 235 4037; x_wconf 87' lang='lat' dir='ltr'><strong>quos</strong></span> <span class='ocrx_word' id='word_1_173' title='bbox 271 3947 494 4018; x_wconf 90' lang='lat' dir='ltr'><strong>inueniuntur</strong></span> <span class='ocrx_word' id='word_1_174' title='bbox 528 3949 667 4038; x_wconf 90' lang='lat' dir='ltr'><strong>(utputa</strong></span> <span class='ocrx_word' id='word_1_175' title='bbox 700 3945 792 4036; x_wconf 91' lang='lat' dir='ltr'><strong>apud</strong></span> <span class='ocrx_word' id='word_1_176' title='bbox 825 3943 1004 4035; x_wconf 87' lang='lat' dir='ltr'><strong>Rufinum,</strong></span> <span class='ocrx_word' id='word_1_177' title='bbox 1043 3946 1309 4039; x_wconf 90' lang='lat' dir='ltr'><strong>Augustinum),</strong></span> <span class='ocrx_word' id='word_1_178' title='bbox 1349 3957 1432 4021; x_wconf 92' lang='lat' dir='ltr'><strong>natu</strong></span> 
     </span>
     <span class='ocr_line' id='line_1_23' title="bbox 151 4065 1434 4158; baseline 0.002 -19"><span class='ocrx_word' id='word_1_179' title='bbox 151 4075 244 4142; x_wconf 88' lang='lat' dir='ltr'><strong>certa</strong></span> <span class='ocrx_word' id='word_1_180' title='bbox 278 4069 404 4156; x_wconf 90' lang='lat' dir='ltr'><strong>maior,</strong></span> <span class='ocrx_word' id='word_1_181' title='bbox 438 4089 523 4158; x_wconf 89' lang='lat' dir='ltr'><strong>quas</strong></span> <span class='ocrx_word' id='word_1_182' title='bbox 557 4088 659 4139; x_wconf 90' lang='lat' dir='ltr'><strong>uoces</strong></span> <span class='ocrx_word' id='word_1_183' title='bbox 694 4065 927 4156; x_wconf 89' lang='lat' dir='ltr'><strong>peculiaribus</strong></span> <span class='ocrx_word' id='word_1_184' title='bbox 953 4065 1156 4158; x_wconf 84' lang='lat' dir='ltr'><strong>Hieronymi</strong></span> <span class='ocrx_word' id='word_1_185' title='bbox 1189 4091 1434 4142; x_wconf 89' lang='lat' dir='ltr'><strong>connumerare</strong></span> 
     </span>
     <span class='ocr_line' id='line_1_24' title="bbox 150 4188 1434 4281; baseline 0.004 -24"><span class='ocrx_word' id='word_1_186' title='bbox 150 4188 289 4260; x_wconf 90' lang='lat' dir='ltr'><strong>interim</strong></span> <span class='ocrx_word' id='word_1_187' title='bbox 313 4188 428 4258; x_wconf 89' lang='lat' dir='ltr'><strong>liceat.</strong></span> <span class='ocrx_word' id='word_1_188' title='bbox 481 4188 638 4278; x_wconf 93' lang='lat' dir='ltr'><strong>Denique</strong></span> <span class='ocrx_word' id='word_1_189' title='bbox 665 4209 735 4272; x_wconf 88' lang='lat' dir='ltr'><strong>aas</strong></span> <span class='ocrx_word' id='word_1_190' title='bbox 750 4208 867 4274; x_wconf 75' lang='lat' dir='ltr'><strong>uoceS,</strong></span> <span class='ocrx_word' id='word_1_191' title='bbox 903 4207 1048 4276; x_wconf 90' lang='lat' dir='ltr'><strong>quarum</strong></span> <span class='ocrx_word' id='word_1_192' title='bbox 1075 4188 1309 4281; x_wconf 89' lang='lat' dir='ltr'><strong>Hieronymus</strong></span> <span class='ocrx_word' id='word_1_193' title='bbox 1334 4192 1434 4263; x_wconf 91' lang='lat' dir='ltr'><strong>nobis</strong></span> 
     </span>
     <span class='ocr_line' id='line_1_25' title="bbox 152 4307 1432 4402; baseline 0.002 -23"><span class='ocrx_word' id='word_1_194' title='bbox 152 4315 272 4379; x_wconf 89' lang='lat' dir='ltr'><strong>auctor</strong></span> <span class='ocrx_word' id='word_1_195' title='bbox 312 4314 365 4378; x_wconf 89' lang='lat' dir='ltr'><strong>est</strong></span> <span class='ocrx_word' id='word_1_196' title='bbox 401 4307 475 4378; x_wconf 89' lang='lat' dir='ltr'><strong>siue</strong></span> <span class='ocrx_word' id='word_1_197' title='bbox 515 4309 652 4379; x_wconf 93' lang='lat' dir='ltr'><strong>omnino</strong></span> <span class='ocrx_word' id='word_1_198' title='bbox 693 4308 767 4379; x_wconf 93' lang='lat' dir='ltr'><strong>siue</strong></span> <span class='ocrx_word' id='word_1_199' title='bbox 811 4309 902 4377; x_wconf 89' lang='lat' dir='ltr'><strong>inter</strong></span> <span class='ocrx_word' id='word_1_200' title='bbox 938 4314 1242 4398; x_wconf 83' lang='lat' dir='ltr'><strong>contemporaneos</strong></span> <span class='ocrx_word' id='word_1_201' title='bbox 1283 4311 1432 4402; x_wconf 92' lang='lat' dir='ltr'><strong>quidem,</strong></span> 
     </span>
     <span class='ocr_line' id='line_1_26' title="bbox 151 4427 1434 4521; baseline 0.002 -20"><span class='ocrx_word' id='word_1_202' title='bbox 151 4434 316 4517; x_wconf 86' lang='lat' dir='ltr'><strong>quantum</strong></span> <span class='ocrx_word' id='word_1_203' title='bbox 355 4427 468 4500; x_wconf 89' lang='lat' dir='ltr'><strong>adhuc</strong></span> <span class='ocrx_word' id='word_1_204' title='bbox 509 4428 544 4498; x_wconf 94' lang='lat' dir='ltr'><strong>in</strong></span> <span class='ocrx_word' id='word_1_205' title='bbox 584 4437 758 4521; x_wconf 87' lang='lat' dir='ltr'><strong>comperto</strong></span> <span class='ocrx_word' id='word_1_206' title='bbox 796 4436 868 4518; x_wconf 90' lang='lat' dir='ltr'><strong>est,</strong></span> <span class='ocrx_word' id='word_1_207' title='bbox 918 4430 1052 4519; x_wconf 91' lang='lat' dir='ltr'><strong>solus,</strong></span> <span class='ocrx_word' id='word_1_208' title='bbox 1094 4431 1276 4504; x_wconf 90' lang='lat' dir='ltr'><strong>literarum</strong></span> <span class='ocrx_word' id='word_1_209' title='bbox 1314 4433 1434 4504; x_wconf 90' lang='lat' dir='ltr'><strong>formis</strong></span> 
     </span>
    </p>
   </div>
   <div class='ocr_carea' id='block_1_2' title="bbox 152 4543 1435 4739">
    <p class='ocr_par' dir='ltr' id='par_1_3' title="bbox 152 4543 1435 4739">
     <span class='ocr_line' id='line_1_27' title="bbox 152 4543 1435 4650; baseline 0.005 -31"><span class='ocrx_word' id='word_1_210' title='bbox 152 4547 373 4621; x_wconf 89' lang='lat' dir='ltr'><strong>distinximus</strong></span> <span class='ocrx_word' id='word_1_211' title='bbox 425 4548 529 4639; x_wconf 89' lang='lat' dir='ltr'><strong>paulo</strong></span> <span class='ocrx_word' id='word_1_212' title='bbox 580 4543 838 4650; x_wconf 65' lang='lat' dir='ltr'><strong>pinguioribus</strong></span> <span class='ocrx_word' id='word_1_213' title='bbox 908 4550 1069 4624; x_wconf 88' lang='lat' dir='ltr'><strong>Seorsum</strong></span> <span class='ocrx_word' id='word_1_214' title='bbox 1122 4552 1304 4625; x_wconf 90' lang='lat' dir='ltr'><strong>adiunctae</strong></span> <span class='ocrx_word' id='word_1_215' title='bbox 1355 4561 1435 4625; x_wconf 88' lang='lat' dir='ltr'><strong>sunt</strong></span> 
     </span>
     <span class='ocr_line' id='line_1_28' title="bbox 1276 4685 1291 4739; baseline 0 0"><span class='ocrx_word' id='word_1_216' title='bbox 1276 4685 1291 4739; x_wconf 94' lang='lat'>1</span> 
     </span>
    </p>
   </div>
   <div class='ocr_carea' id='block_1_3' title="bbox 0 0 1757 5304">
    <p class='ocr_par' dir='ltr' id='par_1_4' title="bbox 0 0 1757 5304">
     <span class='ocr_line' id='line_1_29' title="bbox 0 0 1757 5304; baseline 0 0"><span class='ocrx_word' id='word_1_217' title='bbox 0 0 1757 5304; x_wconf 95' lang='lat' dir='ltr'><strong> </strong></span> 
     </span>
    </p>
   </div>
  </div>
 </body>
</html>
