3458 5306
728 383 888 480 —1-55—

166 594 281 660 Rufino
297 593 515 660 accedentium
533 593 684 659 centuriis
701 611 780 674 opus
803 597 855 658 est
877 591 972 658 simul
992 591 1214 670 consideratis,
1239 595 1276 658 ut
1291 595 1451 674 quatenus

165 683 277 766 parilis
300 683 345 748 sit
367 684 399 748 iu
423 688 560 766 utroque
592 682 749 764 scriptore
786 700 1007 764 consonusque
1038 685 1218 762 temporum
1242 680 1409 748 character
1418 681 1450 764 *)

165 773 381 855 perspiciatur
404 791 441 837 ao
464 771 668 839 diiudicetur.
715 771 815 837 Immo
843 789 922 836 uero
949 769 1006 837 illu
1028 770 1157 853 quidem
1181 769 1451 852 subrelinquenda

167 1064 225 1103 esse
242 1064 383 1116 possumus
401 1047 473 1117 Dei’,
499 1047 526 1102 in
545 1048 621 1104 Rom.
640 1049 689 1116 IX,
709 1053 743 1104 23
764 1049 855 1118 ‘caput
872 1048 961 1118 (Rom.
982 1051 1023 1118 12,
1042 1049 1089 1116 20)
1112 1064 1177 1103 uero
1195 1046 1344 1116 principale
1362 1046 1451 1102 cordis

166 1136 327 1206 appellatur,
346 1143 374 1190 et
392 1136 486 1191 merito
505 1143 585 1205 caput
602 1138 709 1208 dicitur,
733 1139 809 1194 cuius
828 1138 1009 1194 intellectuat
1027 1138 1169 1207 prudentia
1187 1137 1306 1192 mambra
1323 1141 1452 1205 regimtur

166 1223 313 1293 uniuersa',
332 1225 394 1294 VII,
415 1228 457 1294 18,
476 1223 548 1293 Orig.
568 1224 594 1279 in
613 1227 690 1282 0441.
709 1229 721 1281 1
740 1245 766 1297 p.
786 1233 838 1282 332
856 1243 896 1296 sq.
914 1227 949 1283 al.

257 1315 285 1384 *)
304 1314 450 1370 Enimuero
475 1316 556 1370 etiam
583 1315 749 1371 differentiae
772 1316 799 1370 iu
823 1316 965 1371 uerborum
992 1333 1100 1386 quoque
1123 1316 1323 1387 dictionumque
1346 1317 1451 1374 delectu

168 1409 325 1473 comparent
339 1403 471 1472 utrimque
486 1420 539 1458 non
552 1421 661 1473 paruae,
679 1405 726 1461 sed
744 1405 902 1460 arbitrariae
920 1405 985 1476 fere,
1004 1407 1075 1475 quod
1094 1422 1178 1475 genus
1195 1405 1354 1476 perexsequi
1366 1405 1451 1460 nostri

168 1510 223 1547 non
241 1502 283 1547 est
301 1493 424 1548 instituti.
461 1491 553 1548 Obiter
576 1500 664 1548 144444
688 1501 854 1564 appetamur,
881 1495 907 1564 l)
931 1495 1061 1551 dictiones
1079 1496 1217 1564 quondan,
1242 1495 1339 1564 quibus
1356 1494 1451 1551 Hiero·

167 1599 262 1652 nymus
281 1589 328 1638 aut
352 1585 377 1631 ⁰)
397 1582 532 1636 omnino
551 1599 614 1637 uon
634 1584 730 1654 utitur,
755 1591 803 1639 aut
825 1585 848 1635 ⁶)
865 1585 992 1656 rarius,
1011 1583 1176 1640 econtrario
1196 1583 1319 1638 liuline
1337 1599 1395 1640 esse
1413 1583 1452 1639 ita

167 1671 371 1740 familiares,
398 1678 428 1725 ut
452 1672 528 1741 quasi
552 1689 601 1742 pro
620 1673 777 1742 quibusdam
796 1673 857 1728 stili
873 1673 931 1728 eius
949 1673 1095 1742 signaculis
1114 1673 1207 1729 haberi
1224 1673 1335 1744 possint,
1359 1690 1451 1729 rursus

167 1761 240 1817 haud
259 1777 345 1831 pauca
363 1777 428 1832 esse,
448 1777 516 1830 quae
535 1767 685 1830 temporum
703 1761 825 1818 abusioni
843 1761 984 1831 indulgens
1002 1762 1178 1831 Hieronymus
1197 1761 1304 1832 quidem
1323 1761 1451 1818 adhibere

166 1854 242 1923 solet,
262 1852 405 1907 Rufinus
424 1861 471 1907 aut
488 1855 514 1904 ⁰)
529 1854 609 1922 plano
627 1850 772 1920 fastidit,
792 1857 839 1906 aut
857 1853 880 1902 1)
895 1867 971 1906 4444
991 1850 1116 1907 admittit
1148 1851 1280 1920 Exempla
1297 1867 1312 1905 4
1330 1850 1451 1920 pluribus

166 1957 254 2010 pauca
268 1942 427 2011 apponimus
441 1943 521 1998 haec:
542 1948 571 1996 1⁰
585 1941 756 1996 nihilominus
770 1966 805 1986 =
820 1957 865 1994 um
883 1939 973 1996 niehts
991 1941 1108 2008 ueniger
1118 1959 1124 1996 :
1133 1939 1233 1995 ebenso
1251 1939 1279 1994 in
1298 1940 1364 1994 Gen.
1378 1939 1450 1994 hom.

167 2036 192 2101 3,
213 2036 229 2086 5
255 2032 359 2101 ‘quodsi
384 2032 611 2086 circumcisionem
634 2031 764 2085 labiorum
787 2030 823 2086 ad
846 2030 1001 2098 allegoriam
1024 2029 1159 2085 reuocatis
1176 2035 1204 2084 et
1222 2027 1450 2084 circumcisionem

167 2121 272 2176 aurium
291 2121 511 2176 nihilomiuus
530 2120 701 2189 allegoricam
720 2119 807 2177 dicitis
825 2127 853 2174 41
871 2119 1019 2190 figuralem,
1039 2121 1172 2190 quomodo
1191 2135 1244 2174 uon
1255 2126 1284 2173 ct
1297 2118 1323 2172 in
1339 2117 1450 2173 circum·

167 2209 270 2264 cisione
295 2211 427 2279 praeputii
451 2210 606 2279 allegoriam
630 2208 805 2280 requiritisl’,
834 2209 862 2264 in
886 2209 965 2264 Num.
990 2209 1017 2264 h.
1043 2213 1086 2278 17,
1111 2214 1123 2263 1
1154 2206 1324 2276 ‘serpentium
1348 2221 1451 2262 uenena

167 2297 265 2368 depelli
288 2299 487 2355 medicamentis
510 2299 683 2354 nihilominus
708 2297 837 2353 confectis
861 2313 895 2352 ex
918 2295 1106 2368 serpentibus',
1130 2295 1157 2350 iu
1181 2295 1450 2367 644.14.1,16,1.

169 2385 1146 2459 11,3,1.12,3,1.14,1,1.16,3441411441.14,1,1,
1168 2384 1450 2454 1444144411.

167 2481 193 2546 4,
212 2477 240 2532 1.
260 2483 303 2544 17,
325 2480 351 2545 5,
370 2479 397 2533 1.
417 2481 461 2548 44,
482 2483 498 2532 4
517 2496 543 2548 p.
562 2481 625 2547 auo,
644 2478 671 2532 1.
690 2479 734 2546 44,
755 2482 779 2547 1,
799 2481 815 2532 4
835 2482 862 2532 et
880 2481 906 2546 4,
924 2475 952 2530 in
970 2475 1034 2531 Jud.
1053 2476 1080 2529 1.
1100 2477 1125 2544 5,
1144 2477 1161 2528 a
1179 2481 1207 2529 et
1225 2477 1251 2544 4,
1271 2477 1297 2545 4,
1316 2472 1344 2528 in
1358 2474 1402 2528 1³4.
1415 2477 1449 2529 44

167 2567 194 2620 h.
214 2570 276 2635 3,6
300 2573 327 2621 41
348 2570 390 2633 12,
416 2567 444 2621 in
468 2567 544 2623 Cant.
562 2567 631 2638 prol.
650 2584 676 2636 p.
695 2570 757 2636 258,
777 2567 804 2620 ΙΙ
822 2583 849 2635 p.
868 2569 920 2620 388
939 2569 1046 2634 41411,
1071 2564 1112 2618 ΠΙ
1134 2580 1161 2633 p.
1180 2567 1197 2617 4
1219 2569 1246 2618 et
1268 2567 1313 2634 43,
1338 2563 1450 2633 Pamph.

166 2671 215 2724 pro
235 2655 308 2724 Orig.
327 2673 353 2724 p.
373 2658 425 2710 387
445 2662 471 2710 41
488 2672 568 2727 saepe
587 2656 622 2711 41.
642 2653 987 2726 (=nichtsdestoweniger,
1006 2657 1036 2708 ut
1054 2651 1134 2722 uulg,
1154 2651 1180 2706 in
1199 2652 1243 2707 Ps.
1259 2656 1293 2707 36
1312 2651 1339 2706 b.
1359 2655 1385 2721 4,
1406 2653 1449 2724 7);

167 2742 287 2813 -1444,
307 2752 362 2798 tum
381 2744 486 2800 adiecta
507 2760 540 2799 ox
558 2743 705 2800 abundanti
723 2743 834 2799 deinde:
852 2749 909 2798 tum
927 2742 1023 2798 deinde
1041 2743 1085 2796 uel
1104 2749 1167 2796 tunc
1186 2740 1293 2811 deinde,
1312 2748 1342 2796 ut
1361 2741 1387 2796 iu
1405 2741 1450 2797 Ps.

168 2835 202 2885 36
220 2832 248 2886 h.
267 2837 294 2902 3,
309 2837 326 2887 6
345 2833 511 2903 ‘incipientes
529 2851 545 2890 4
562 2834 743 2903 grammaticis
762 2833 881 2888 ediscere
900 2832 1019 2888 carmina
1037 2838 1223 2901 poetarum..,
1243 2837 1308 2886 tum
1327 2831 1450 2888 deiude

167 2921 280 2976 transire
298 2920 332 2976 ud
351 2923 533 2993 rhetoricam’,
552 2926 579 2978 h.
599 2928 624 2994 4,
645 2929 668 2994 1,
687 2923 715 2976 iu
734 2923 777 2978 Pa.
797 2922 878 2977 3811.
899 2927 923 2990 1,
942 2924 968 2990 5,
990 2920 1098 2976 insen.
1116 2922 1144 2990 b,
1164 2926 1189 2992 7,
1209 2926 1235 2990 3,
1255 2921 1283 2976 in
1296 2922 1362 2976 Jesu
1374 2922 1450 2978 Naue

166 3011 509 3083 11.16,54113,21)14,
533 3017 560 3067 in
584 3013 648 3068 Jud.
673 3013 700 3067 b.
725 3016 751 3080 5,
779 3017 791 3065 1
818 3014 895 3081 416,
920 3015 945 3074 2,
969 3010 996 3066 14
1019 3011 1095 3066 Rom.
1115 3012 1189 3080 VIII,
1209 3015 1252 3078 10,
1272 3011 1383 3081 Pamph.
1401 3027 1450 3081 pro

167 3098 239 3168 Orig.
258 3118 284 3169 p.
299 3105 352 3156 306
370 3117 419 3172 sq,
438 3120 464 3171 p.
485 3107 545 3172 310,
564 3120 591 3172 p.
605 3107 666 3172 361,
684 3121 711 3170 p.
730 3106 792 3171 401,
811 3119 838 3171 p.
857 3105 910 3157 466
929 3101 977 3172 al.;
997 3107 1053 3154 tum
1072 3100 1168 3156 deiude
1187 3107 1214 3155 et
1231 3100 1291 3155 Liu.
1308 3101 1359 3170 «11,
1371 3103 1398 3170 6,
1415 3104 1447 3156 3»

166 3190 235 3258 (tum
253 3190 316 3244 iude
336 3191 453 3262 «XXIV,
469 3195 503 3247 27
518 3192 594 3262 ina),
614 3193 674 3246 Val.
693 3191 744 3260 11,,
765 3191 834 3247 Ρ114.
854 3191 918 3260 «XI,
938 3194 1077 3260 47,131›:
1097 3190 1209 3245 canities
1227 3189 1328 3245 homini
1346 3206 1451 3259 semper

166 3294 183 3332 a
200 3278 290 3347 priore
307 3287 383 3347 parte
402 3279 513 3350 capitis,
538 3287 595 3335 tum
620 3282 716 3336 deinde
738 3280 774 3336 ab
799 3279 915 3350 auersa',
938 3279 974 3334 ib.
994 3282 1055 3346 «87,
1075 3282 1144 3333 216»
1170 3279 1215 3348 41.,
1239 3280 1312 3334 Τ441.
1331 3280 1403 3349 4441.
1422 3283 1449 3350 8,

166 3383 240 3436 saep.
265 3369 347 3438 Arm,
371 3376 401 3423 ut
420 3371 452 3440 V,
471 3375 505 3424 23
531 3371 577 3440 (41.
602 3369 722 3425 Hildebr.
748 3371 782 3426 ad
801 3370 845 3440 1.),
869 3369 927 3424 sim.
952 3373 1045 3439 postea
1068 3368 1164 3423 deinde
1187 3369 1268 3439 Cels,
1286 3369 1346 3424 Val.
1366 3368 1450 3440 Max,

166 3457 242 3512 Lact.
262 3457 322 3514 inst.
341 3459 377 3529 11,
399 3464 441 3528 13,
463 3465 492 3514 11
514 3461 638 3530 (anem.
657 3459 692 3516 ad
709 3460 750 3529 1.),
769 3464 830 3528 4441
848 3458 945 3514 deinde
965 3457 1037 3526 Ten,
1057 3457 1112 3512 014.
1126 3474 1178 3527 ep.,
1198 3458 1263 3512 Aru.
1276 3459 1312 3527 II,
1326 3461 1369 3527 12,
1388 3463 1450 3527 post

166 3546 228 3601 iude
246 3547 326 3615 Eun,
346 3549 437 3619 Lucu,
458 3551 526 3618 Vop.
545 3551 624 3604 Proh.
643 3554 686 3620 24,
705 3552 732 3618 8,
752 3548 847 3604 deinde
865 3554 959 3617 postea
978 3547 1042 3615 Cia,
1063 3545 1134 3616 niu,
1152 3546 1261 3615 Lampr.
1280 3546 1357 3601 Alex.
1376 3550 1402 3617 6,
1423 3551 1448 3618 2,

166 3636 201 3690 cf.
220 3635 333 3690 lluhner
354 3655 465 3705 gramm.
490 3639 536 3694 141.
564 3641 644 3708 ampl.
673 3644 688 3703 5
715 3642 780 3708 242,
810 3643 827 3694 6
855 3636 956 3708 (Rufiu.
984 3635 1012 3691 in
1039 3635 1118 3690 Num.
1146 3635 1173 3689 h.
1199 3639 1242 3705 13,
1267 3640 1283 3691 7
1313 3635 1448 3690 ‘idcirco

166 3723 272 3792 igitur
291 3725 339 3781 tali
358 3729 403 3781 uia
423 3727 524 3796 utitur’,
549 3729 583 3782 41.
602 3745 664 3796 ergo
683 3727 765 3796 igitur
783 3728 853 3796 App.
873 3727 938 3781 Met.
957 3727 979 3796 1,
1000 3729 1016 3780 5
1036 3741 1087 3795 ex.,
1113 3725 1203 3794 itaque
1221 3740 1283 3793 ergo
1303 3726 1368 3780 Aru.
1387 3726 1447 3796 Vll,

168 3817 200 3866 12
225 3821 252 3868 et
269 3814 353 3885 sim.);
374 3847 407 3856 -
433 3816 603 3884 participium
626 3819 645 3872 s'.
663 3817 849 3888 participatio,
874 3816 907 3872 de
931 3832 984 3885 qno
1012 3833 1039 3870 u.
1058 3815 1105 3870 inf.
1124 3832 1150 3884 p.
1171 3818 1222 3870 156
1240 3830 1292 3885 sq.;
1313 3847 1344 3856 -
1374 3816 1448 3870 dum·

165 3909 240 3957 144441
259 3903 276 3958 1.
300 3905 417 3975 quidem,
436 3906 538 3960 seilicet
557 3907 647 3977 (Haud
666 3906 744 3961 Turs.
763 3907 790 3960 Il
808 3923 835 3975 p.
850 3909 903 3960 338
921 3921 972 3973 sq,
992 3904 1038 3972 qui
1057 3904 1103 3958 cit.
1122 3903 1447 3974 Quint.,Tac.,Vopisc.),

166 3997 195 4045 ut
218 3992 244 4044 in
270 3992 345 4048 Cant.
368 3995 393 4046 11
417 4011 444 4063 p.
464 3998 516 4050 368
542 3993 622 4063 ‘quod
644 3995 716 4063 apud
740 4009 797 4049 eam
822 3993 951 4063 (reginam
973 3991 1070 4063 Sabae)
1093 3997 1121 4048 41
1144 3993 1216 4062 apud
1239 3993 1360 4048 doctores
1382 3993 1448 4064 eius,

165 4080 277 4146 gentiles
297 4081 480 4152 dumtaxat,
505 4083 636 4138 incertum
653 4099 758 4152 semper
770 4083 915 4150 manebat’,
934 4083 976 4136 IlI
989 4084 1045 4151 p.5
1066 4083 1142 4136 ‘haec
1156 4097 1254 4151 sponsa
1265 4081 1341 4150 dicit,
1359 4080 1448 4138 anima

166 4166 315 4239 dumtaxat,
340 4171 464 4240 quae..’,
490 4172 525 4228 ib.
545 4190 571 4241 p.
591 4177 623 4226 21
651 4173 799 4228 ‘uideamus
822 4179 849 4228 et
871 4172 952 4228 alium
976 4171 1064 4227 adhuc
1088 4170 1207 4226 ordinem
1230 4170 1363 4240 caritatis,
1390 4171 1447 4227 eius

166 4256 312 4326 dumtaxat,
332 4275 400 4326 quae
415 4276 478 4328 erga
497 4260 633 4329 proximos
651 4262 744 4318 haberi
761 4261 887 4332 uidetur’,
903 4263 938 4316 ib.
957 4279 983 4332 p.
997 4265 1021 4332 6,
1039 4279 1066 4331 p.
1080 4265 1123 4331 39,
1142 4278 1169 4330 4.
1183 4263 1217 4315 53
1231 4276 1272 4329 sq.
1285 4261 1322 4331 al,
1336 4291 1370 4301 —
1382 4277 1447 4316 non·

165 4363 299 4414 nunquam
325 4349 520 4404 4411414444
542 4357 568 4404 et
590 4353 762 4406 aliotenus
783 4352 828 4421 (do
848 4351 944 4420 quibus
963 4349 1017 4404 uid.
1037 4348 1056 4404 Β
1076 4366 1102 4404 n.
1123 4353 1165 4417 13,
1187 4348 1206 4404 0
1225 4366 1252 4418 4.
1271 4353 1323 4404 276
1344 4367 1370 4405 n.
1389 4351 1446 4421 89),

165 4443 195 4489 ut
213 4437 283 4505 apol.
303 4438 325 4503 l,
347 4442 379 4491 17
400 4439 635 4506 ‘qui..criminari
659 4457 692 4494 44
715 4441 907 4495 4411414444
925 4439 1092 4510 potuissent’,
1117 4438 1152 4495 ib.
1172 4443 1216 4508 24,
1240 4438 1268 4492 in
1287 4439 1352 4494 Jesu
1370 4441 1447 4498 Naue

164 4524 191 4579 h.
212 4529 254 4589 15,
274 4530 290 4580 6
309 4527 354 4596 41,
374 4526 401 4580 in
420 4527 463 4581 Ps.
482 4528 561 4582 381.
583 4533 607 4598 1,
627 4534 643 4583 5
667 4529 762 4597 ‘neque
783 4544 876 4582 seusus
899 4527 997 4584 doloris
1015 4529 1184 4584 ullatenus
1202 4527 1307 4599 recipit’
1327 4530 1362 4585 al.
1381 4531 1447 4600 (qua

164 4614 293 4669 abusione
316 4616 388 4685 apud
411 4616 551 4672 inferiores
573 4618 732 4687 peruulgata
753 4617 932 4688 Hieronymus
954 4618 1034 4688 plane
1056 4617 1186 4676 abstinuit
1203 4635 1235 4675 44
1256 4635 1341 4692 44444
1363 4620 1444 4678 etiam
