3480 5304
833 366 992 462 *11-

362 577 583 668 Regessimus
601 577 736 650 nouicia
749 579 815 651 t-io
829 579 885 652 uel
900 578 967 651 s-io
980 579 1167 652 terminata
1180 580 1265 668 213,
1281 579 1450 673 (111223)
1466 601 1552 671 quac

272 679 422 770 omnium
441 697 543 769 huius
561 699 699 788 generis
717 719 838 790 rece,
861 699 1016 772 deductis
1036 699 1086 772 eis
1105 720 1193 790 quae
1211 721 1274 789 per
1291 699 1461 790 glossaria
1477 706 1552 772 tan·

272 826 345 890 turn
372 819 595 894 innotuerunt
620 824 656 892 et
682 820 887 912 apocryphis
914 820 1129 912 quibusdam,
1161 820 1342 893 conficiunt
1368 843 1396 893 c.
1421 815 1490 910 2111,
1518 821 1553 893 id

273 939 364 1030 quod
390 960 551 1029 magnum
581 960 644 1030 ego
672 940 770 1012 duco.
824 942 898 1032 Quo
936 943 971 1013 in
1006 962 1148 1014 numero
1174 941 1364 1031 peculiaria
1390 963 1478 1033 quae
1503 942 1554 1013 di-

274 1060 381 1131 cimus
408 1041 610 1151 Hieronymi
646 1068 725 1132 sunt
752 1063 812 1148 83,
848 1062 1060 1133 nouiciorum
1095 1083 1213 1134 eorum
1242 1061 1366 1151 quibus
1393 1084 1475 1134 usus
1502 1069 1556 1134 ost

273 1180 443 1250 communi
466 1182 613 1272 quodam
637 1182 775 1270 linguae
802 1183 967 1271 temporis
994 1183 1068 1254 iure
1095 1182 1216 1273 (191),
1250 1202 1316 1253 non
1349 1183 1556 1270 computatis

274 1300 435 1373 uidelicet
467 1303 517 1374 eis
552 1323 640 1393 quae
667 1302 701 1374 S.
730 1300 764 1373 S·
793 1310 862 1375 uet.
889 1301 1060 1392 peculium
1087 1303 1326 1393 suppeditasse
1359 1302 1554 1389 uidebatur,

273 1441 381 1511 prope
407 1422 551 1495 dimidia
575 1437 668 1512 para,
693 1424 855 1495 uniuerso
882 1423 1000 1513 generi
1026 1424 1175 1494 accessio
1202 1416 1552 1516 1111111111111.115

275 1542 393 1633 rece).
446 1544 568 1634 Itaque
595 1543 663 1615 iam
689 1544 915 1634 intellegitur,
943 1565 1021 1614 mox
1045 1544 1301 1632 comparatione
1326 1543 1472 1614 aliorum
1497 1567 1556 1633 go·

275 1684 395 1735 nerum
429 1664 539 1754 magis
571 1664 734 1753 elucebit,
771 1663 1018 1755 Hieronymum
1053 1664 1239 1754 praecipua
1272 1662 1418 1754 quadam
1451 1665 1556 1735 animi

275 1783 496 1858 inclinatione
531 1785 595 1856 hoc
628 1783 844 1874 potissimum
873 1785 1162 1858 abstractiuormn
1190 1805 1297 1873 genus
1323 1785 1555 1874 amplexatum

276 1925 363 1977 esse.
420 1905 559 1978 Etenim
596 1906 732 1977 omnino
765 1926 867 1978 uoces
890 1907 939 1977 -io
965 1904 1094 1994 finitae,
1130 1926 1276 1994 quarum
1304 1904 1346 1976 de
1373 1926 1436 1976 usu
1465 1905 1556 1994 apud

275 2027 523 2118 Hieronymum
550 2024 682 2117 aliquid
707 2025 889 2098 habuimus
916 2026 1007 2116 quod
1034 2032 1288 2112 arrrrotaremus,
1316 2046 1458 2096 numero
1478 2033 1558 2096 sunt

275 2149 423 2238 amplius
442 2151 527 2234 380,
555 2147 664 2219 omnis
683 2155 767 2219 uett.
796 2155 831 2219 et
857 2168 943 2218 recc.
966 2167 1118 2217 summae
1146 2166 1173 2216 c.
1198 2139 1267 2224 ²11⁵.
1304 2146 1419 2217 Multo
1438 2146 1557 2237 plures

276 2270 430 2361 prolecto
457 2276 537 2341 sunt
562 2290 638 2357 eae,
675 2268 866 2357 dequibus
899 2266 985 2338 nihil
1011 2266 1227 2354 nottelmus,
1262 2289 1348 2356 quas
1375 2290 1558 2343 numerare

277 2390 415 2480 longum
443 2388 510 2460 fuit
534 2409 596 2461 nec
630 2408 755 2478 operae
786 2386 936 2476 pretium
971 2386 1166 2457 uidebatur.
1221 2387 1260 2457 ln
1285 2387 1558 2477 experimentum

277 2518 393 2582 tannen
423 2530 486 2598 per
517 2516 589 2580 tres
623 2507 798 2597 epistolas,
835 2511 893 2597 51,
932 2509 989 2594 55,
1027 2511 1087 2594 92,
1123 2527 1224 2579 uoces
1248 2508 1298 2578 -io
1332 2508 1447 2582 finitas
1474 2511 1558 2582 diri-

278 2629 424 2719 buimus,
458 2637 494 2701 et
521 2628 712 2701 inuenimus
740 2648 872 2716 uocum,
909 2633 948 2698 11
972 2627 1022 2698 ita
1046 2627 1178 2716 loquar,
1212 2633 1409 2700 notatarum
1436 2630 1479 2702 ad
1508 2631 1559 2702 in·

278 2757 415 2822 notatas
442 2750 594 2822 rationes
620 2752 710 2838 324,
739 2752 836 2835 3:5,
870 2751 954 2836 l:3,
983 2768 1066 2836 ergo
1093 2747 1239 2819 mediam
1273 2749 1440 2822 rationem
1472 2757 1558 2824 1:2.

278 2869 378 2942 Vnde
404 2871 557 2960 profecto
582 2869 646 2941 hoc
672 2870 808 2961 quidem
837 2868 953 2959 colligi
977 2890 1044 2940 non
1075 2867 1172 2951 licet,
1208 2870 1344 2940 omnino
1373 2869 1407 2941 in
1435 2870 1560 2944 Hiero·
1654 2861 1658 2868 ’

279 2991 373 3081 nymi
408 2991 546 3081 scriptis
577 3013 678 3064 uoces
702 2989 752 3061 -io
786 2990 989 3062 terminatas
1021 2994 1158 3061 exstare
1192 2993 1300 3079 1113,
1336 2992 1494 3080 quamuis
1525 2993 1560 3064 id

278 3134 342 3202 per
376 3134 413 3184 se
447 3110 540 3182 haud
575 3110 801 3200 improbabile
831 3111 887 3198 sit,
923 3109 1128 3198 praesertim
1162 3131 1235 3180 cum
1272 3109 1398 3183 iamin
1423 3111 1560 3184 Cicero·

279 3230 381 3304 niano
408 3233 613 3322 scriptorum
640 3252 783 3320 corpore
814 3230 932 3302 addito
960 3227 1108 3303 Caesare
1135 3229 1355 3302 inueniuntur
1381 3232 1483 3304 huius
1510 3234 1561 3303 in-

280 3353 426 3426 clinatus
461 3373 562 3424 uoces
597 3371 703 3441 prope
736 3357 945 3441 nongentae,
985 3351 1122 3440 generis
1151 3358 1266 3422 autern
1293 3351 1435 3424 huiusce
1462 3375 1561 3424 usum

280 3473 371 3562 apud
398 3473 607 3563 posteriores
634 3494 786 3563 quosque
811 3471 997 3542 inualuisse
1022 3477 1164 3541 constet.
1201 3470 1250 3542 At
1276 3471 1310 3541 id
1339 3479 1443 3561 certe,
1471 3473 1561 3563 quod

281 3594 564 3684 supradiximus,
593 3593 827 3683 experimento
846 3592 906 3663 illo
925 3591 1066 3682 probari
1086 3589 1236 3678 uidetur,
1263 3592 1435 3679 pemrulto
1460 3593 1563 3682 plura

281 3715 419 3786 nomina
451 3714 608 3786 uerbalia
641 3714 676 3784 in
711 3713 762 3785 -io
802 3712 963 3784 exeuntia
1002 3710 1094 3799 apud
1131 3710 1377 3802 Hieronymum
1412 3713 1561 3786 inueniri

281 3835 465 3908 secundum
506 3856 717 3907 communem
755 3833 884 3905 latinae
923 3832 1060 3921 linguae
1087 3832 1365 3904 consuetudinem
1393 3833 1560 3923 adbibita,

282 3979 383 4050 quarn
411 3978 451 4030 ea
478 3978 565 4048 quae
589 3955 804 4030 enotauimus
830 3961 869 4026 ut
896 3952 1031 4024 nouicia
1054 3960 1115 4024 aut
1139 3952 1333 4043 significatu
1357 3961 1484 4027 nouata
1502 3962 1563 4026 aut

281 4078 398 4170 aliquo
424 4075 571 4149 nomine.

368 4197 463 4269 11111
494 4198 684 4288 peculiaria
710 4196 914 4286 Hieronymi
948 4194 1076 4266 habent
1110 4214 1191 4266 sane
1218 4195 1386 4284 quaedam
1415 4194 1448 4264 in
1476 4193 1562 4279 liuu-

283 4321 416 4394 ratione
443 4318 496 4391 sui
522 4319 613 4410 quod
640 4318 800 4392 offendat.
838 4317 891 4388 De
917 4316 977 4404 eie,
1005 4315 1151 4405 quaein
1181 4315 1407 4405 -priuatiuarn
1435 4313 1564 4384 habent

283 4441 480 4532 praelixam,
514 4445 596 4528 101,
629 4445 710 4528 103,
744 4443 826 4526 108,
860 4441 1044 4523 110-13,
1072 4435 1155 4507 alibi
1183 4429 1219 4515 19
1248 4435 1292 4506 ad
1312 4457 1344 4505 1.
1366 4435 1563 4506 incircum-

283 4559 381 4642 cisio)
407 4561 642 4633 disseruimns.
684 4559 739 4631 Ad
771 4564 840 4632 1114
867 4559 909 4629 11.
937 4557 1077 4648 quietio,
1106 4557 1197 4646 quod
1224 4556 1296 4628 eS.
1318 4555 1351 4625 S.
1374 4562 1442 4628 111.
1463 4555 1564 4626 affert
