3458 5306
795 373 857 433 135

181 587 322 657 inter·
351 579 429 675 aaa,
458 586 536 656 ab·
561 606 596 675 p.
622 585 670 674 pl.
700 578 776 674 Pp,
805 591 958 657 trans·
987 580 1063 665 Illa.
1119 586 1317 677 Sequuntur
1343 588 1461 662 decre-

181 713 295 778 scente
331 709 491 797 deinceps
535 707 783 778 numerositate
826 707 927 796 longe
971 708 1041 778 illis
1085 709 1236 780 rariores
1281 710 1463 782 subter-

180 828 425 918 (omninodo),
454 835 584 916 aute,
609 833 821 915 praeter,
850 849 921 917 se-‚
949 829 1096 917 intro,
1123 836 1264 900 retro·
1284 836 1319 902 et
1339 831 1461 908 amb,

179 954 307 1036 post,
335 969 482 1037 supra·
510 947 574 1038 (2),
601 952 753 1018 extra·
781 953 816 1018 et
841 955 1048 1038 propter·
1074 950 1252 1042 (singula).
1297 949 1464 1022 Animad-

179 1075 316 1140 uertere
346 1069 480 1152 licebit,
521 1068 590 1138 dis·
625 1089 798 1156 nunquam
829 1069 926 1158 iungi
959 1091 1033 1140 cum
1068 1070 1185 1141 uerbis
1219 1070 1463 1159 incipientibus

180 1189 223 1259 ab
250 1210 279 1276 o,
313 1189 567 1278 quodquidam
593 1209 674 1259 casu
700 1188 885 1278 contigisse
911 1195 1036 1278 potest,
1062 1189 1099 1258 id
1125 1195 1179 1261 est
1203 1211 1267 1279 per
1292 1190 1462 1278 significa-

179 1309 306 1382 tionem
341 1311 537 1397 uerborum,
571 1331 624 1380 re·
656 1331 723 1379 nou
754 1309 884 1397 imponi
913 1310 1157 1398 incipientibus
1184 1333 1205 1381 a
1229 1332 1261 1397 r,
1297 1317 1332 1382 et
1364 1310 1398 1380 b.
1428 1332 1461 1398 g.

180 1431 260 1518 alia,
289 1432 319 1501 si
346 1430 553 1502 collibuerit.

266 1551 508 1622 Recentiorum
529 1556 609 1621 suut
633 1553 741 1629 1753,
761 1570 905 1639 quorum
924 1549 1016 1638 apud
1036 1549 1285 1640 Hieronymum
1304 1550 1462 1624 adhiberi

179 1673 373 1743 inueuimus
404 1693 432 1742 c.
462 1673 616 1760 quintam
650 1669 816 1741 decimam
854 1676 1000 1759 partem,
1036 1692 1103 1740 uon
1139 1677 1210 1742 tam
1238 1670 1374 1761 quidem
1401 1694 1464 1760 per

180 1813 227 1879 se,
257 1813 369 1880 quam,
400 1798 439 1863 ut
465 1797 544 1862 utar
570 1789 689 1878 uerba,
717 1789 865 1862 relatiua
891 1812 1011 1880 pauca,
1044 1813 1162 1863 eorum
1190 1799 1304 1864 autern
1334 1798 1380 1864 29
1407 1794 1463 1864 uel

181 1917 224 1983 31
256 1912 446 2001 peculiaria
472 1911 591 2001 ipsius
626 1910 690 1981 boc
723 1916 777 1982 est
809 1910 956 1983 relatiua
991 1911 1075 1982 satis
1102 1912 1222 1982 multa.
1276 1910 1372 2001 Ergo
1399 1913 1464 1984 boc

180 2055 314 2123 quoque
349 2033 384 2103 iu
412 2053 637 2121 generarem
670 2031 916 2120 propemodum
943 2031 1096 2121 perinde,
1131 2040 1234 2122 atque
1268 2033 1304 2102 in
1340 2033 1464 2104 ceteris

179 2153 339 2240 uidimus
368 2175 404 2224 se
430 2152 558 2224 babere
584 2152 693 2224 lector
718 2152 837 2223 doctus
863 2151 954 2222 ultro
973 2152 1155 2242 intellegit.
1194 2153 1329 2243 Quanto
1348 2158 1462 2224 autern

179 2272 439 2344 immoderatius
464 2279 502 2344 ut
529 2274 564 2343 in
590 2273 685 2360 aliis,
720 2273 770 2343 ita
795 2271 859 2342 boc
886 2273 922 2342 in
949 2293 1074 2362 genere
1101 2274 1285 2344 uerborum
1313 2272 1463 2344 exsultat

179 2395 334 2464 nouitate
361 2393 690 2465 Tertullianus!
720 2391 784 2462 Oui
811 2413 886 2462 cum
913 2391 1045 2463 duobus
1072 2399 1153 2464 ante
1179 2395 1303 2464 seculis
1330 2394 1463 2464 uiuenti

180 2521 276 2586 tauto
303 2515 414 2584 minor
446 2514 553 2586 fucrit
578 2514 763 2584 uerborum
789 2532 908 2584 recens
934 2518 1092 2584 natorum
1119 2513 1269 2603 eligendi
1295 2521 1461 2604 potestas

180 2635 238 2705 ille
265 2640 381 2704 tamen
410 2635 446 2704 in
478 2641 575 2705 tanto
608 2635 739 2705 minore
773 2633 980 2722 scriptorum
1006 2635 1138 2704 ambitu
1163 2635 1349 2707 uerborum
1373 2657 1462 2706 nouo

180 2776 274 2825 more
307 2777 383 2825 cum
415 2755 729 2844 praepositionibus
765 2755 957 2823 iunctorum
998 2774 1107 2842 paene
1145 2753 1293 2826 alterum
1327 2761 1461 2826 tantum

180 2873 332 2944 noscitur
351 2875 526 2960 accidisse,
553 2874 617 2945 boc
644 2880 707 2962 est,
736 2874 771 2944 ni
799 2873 888 2962 quod
907 2875 997 2946 forte
1015 2896 1077 2946 nos
1095 2877 1288 2964 praeteriit,
1317 2879 1399 2965 183,
1427 2883 1462 2948 et

179 2995 215 3064 in
234 3015 273 3066 eo
296 3016 439 3066 numero
460 2994 559 3082 louge
584 2995 748 3066 maiorem
772 3001 907 3083 partem
931 2996 1121 3083 peculiaria
1147 2997 1224 3084 sibi,
1251 3005 1290 3066 ut
1317 3019 1462 3086 quorum

180 3117 253 3204 ipse
278 3121 398 3186 auctor
418 3116 464 3185 sit
492 3116 635 3203 primm,
663 3116 906 3204 plerorumque
930 3115 986 3187 uel
1014 3115 1116 3187 solus
1171 3116 1343 3186 Nimirum
1371 3139 1404 3186 u.
1431 3139 1460 3188 c.

179 3239 271 3308 inter
295 3237 483 3324 nonaginta
506 3258 600 3306 more
627 3237 760 3306 nouicio
788 3257 864 3306 cum
891 3238 953 3325 in-,
983 3237 1100 3325 inter,
1130 3237 1201 3322 ob-,
1230 3259 1320 3326 per,
1348 3259 1461 3326 prae,

180 3379 269 3446 pro-,
298 3379 363 3445 re,
392 3359 483 3444 sub,
519 3378 649 3445 super,
680 3363 793 3427 trans·
819 3357 1008 3444 composita
1031 3379 1094 3446 pro
1120 3357 1353 3446 peculiaribus
1380 3357 1464 3428 Ter-

181 3479 317 3549 tulliani
342 3478 501 3549 habenda
524 3483 604 3549 sunt
627 3477 972 3566 duodeseptuaginta.

268 3596 430 3669 Ceterum
468 3599 559 3668 inter
591 3603 699 3668 uett.
729 3617 863 3686 quoque
894 3596 1108 3668 discernendi
1143 3602 1292 3684 aetatem
1332 3597 1464 3667 scilicet

180 3727 383 3808 temporum,
418 3719 542 3808 quibus
576 3718 717 3808 uigebat
751 3740 813 3788 sua
847 3717 1061 3806 proprietate
1089 3739 1218 3806 suoque
1245 3717 1320 3787 iure
1345 3716 1463 3806 lingua

181 3820 220 3910 ac
243 3839 351 3910 latine
377 3840 573 3910 scribebant
600 3839 718 3910 Latini
751 3837 863 3908 natiui
896 3843 977 3908 ante
1002 3837 1150 3908 edictum
1180 3836 1460 3926 Antoninianum,

181 3960 377 4049 etquidem
405 3966 547 4046 aetates
576 3958 612 4028 id
639 3957 730 4048 quod
756 3959 855 4030 unice
882 3957 996 4044 datur,
1024 3966 1186 4029 nontam
1213 3958 1365 4046 ipsorum
1385 3978 1463 4028 uer-

180 4080 319 4168 borum,
357 4079 417 4151 sed
448 4079 694 4150 auctoritatum
728 4078 943 4150 discernendi
977 4078 1110 4148 utilitas
1145 4084 1198 4149 est
1231 4098 1461 4165 nonmagna.

181 4201 383 4288 Peregimus
416 4208 531 4270 tamen
565 4197 651 4268 illud
679 4221 780 4288 quam
808 4199 1064 4270 accuratissime
1090 4199 1282 4287 potuimuS,
1318 4198 1352 4266 iu
1380 4218 1463 4266 non-

181 4321 284 4390 nullis
313 4319 469 4408 equidem
497 4319 713 4408 dubitanter,
750 4319 810 4390 sed
831 4325 902 4390 tam
929 4340 1082 4406 operose,
1112 4320 1211 4407 quasi
1237 4324 1272 4389 et
1297 4319 1371 4406 ipso
1398 4317 1460 4387 sim

183 4463 268 4511 uiuus
301 4419 351 4510 de⁴
377 4439 626 4528 superstitiosis
659 4439 704 4510 ad
737 4446 911 4529 stuporem
939 4438 1118 4509 Tullianae
1145 4438 1334 4508 munditiae
1358 4438 1463 4508 mira·

181 4561 326 4631 toribus
364 4561 471 4630 Immo
490 4581 573 4630 uero
601 4566 718 4629 nostro
746 4558 872 4631 iudicio
899 4582 997 4630 omne
1022 4560 1165 4630 uerbum
1194 4558 1463 4648 quandocunque
