3480 5304
922 324 939 382 2
949 369 950 372 ,

853 411 1011 418 *⁴-

293 531 504 602 nouiciarum
544 532 720 605 laterculis
760 535 904 626 singulis
945 557 1006 607 cae
1047 557 1148 606 uoces
1184 556 1247 624 per
1286 557 1322 606 se
1368 557 1434 606 non
1479 538 1577 607 noui-

291 652 382 739 ciae,
423 673 566 741 quarum
604 655 639 723 in
679 655 1032 746 significatione
1073 656 1126 726 uel
1168 657 1304 726 omnino
1343 679 1406 728 usu
1442 656 1576 746 aliquid

292 778 502 843 nouatum
542 780 647 863 atque
678 796 699 845 a
734 777 978 848 consuetudine
1017 777 1170 866 priorum
1212 777 1410 867 discrepans
1451 782 1575 870 depre-

290 892 465 981 henditur,
494 894 538 963 ad
566 917 650 984 quas
677 895 767 966 idem
795 897 854 968 ille
877 897 1111 986 distinguendi
1135 906 1292 986 tempora
1310 921 1373 989 per
1392 900 1572 973 literarum

290 1015 418 1091 formas
453 1015 574 1086 modus
605 1017 770 1104 pertinet,
803 1017 853 1088 ita
889 1024 928 1088 ut
954 1041 988 1088 u.
1015 1038 1043 1088 e.
1074 1017 1238 1088 ‘confiteri
1268 1021 1440 1091 eccles)
1467 1023 1574 1112 signi-

290 1132 379 1225 ficet,
412 1159 530 1208 uocem
558 1137 733 1226 eomodo,
769 1159 835 1226 quo
870 1139 961 1226 apud
996 1138 1243 1210 ecclesiasticos
1271 1142 1457 1230 scriptores
1485 1145 1573 1213 acci·

290 1255 386 1342 pitur
412 1257 467 1328 uel
496 1257 721 1346 construitur,
757 1263 813 1328 ut:
852 1255 1027 1329 Christum
1060 1258 1232 1347 confiteri,
1269 1261 1337 1331 iam
1370 1263 1461 1351 apud
1490 1263 1574 1335 Ter-

290 1374 473 1447 tullianum
509 1378 683 1467 adhiberi,
728 1378 977 1466 ‘principalitcr
1014 1379 1086 1468 ol.’,
1140 1380 1341 1453 aduerbium
1380 1383 1464 1455 hoce
1505 1385 1575 1456 alia

291 1501 395 1585 atque
422 1499 512 1586 apud
538 1500 672 1588 priores
699 1498 948 1589 significatione
975 1521 995 1570 a
1022 1501 1225 1590 quibusdam
1254 1503 1360 1573 seculi
1387 1503 1438 1574 IV
1465 1505 1574 1594 scrip-

290 1617 424 1688 toribus
452 1616 547 1709 (lieet
573 1641 631 1690 eos
656 1640 723 1688 non
748 1619 950 1689 nominatim
970 1620 1172 1711 iudicemus)
1199 1624 1372 1710 usurpari.
1410 1623 1572 1695 Ceterum

290 1738 325 1808 in
353 1737 549 1809 huiusmodi
575 1737 749 1809 interdum
776 1739 887 1810 minus
915 1741 1048 1811 errriose
1073 1742 1164 1812 inter
1191 1743 1225 1812 id
1252 1744 1343 1832 quod
1368 1723 1573 1834 Hieronymi

290 1859 398 1950 ipsius
423 1865 458 1928 ct
480 1856 516 1927 id
545 1856 636 1947 quod
659 1858 777 1946 seculi,
805 1879 872 1948 quo
899 1860 998 1948 uixit,
1023 1861 1197 1949 peculiare
1223 1870 1276 1934 est
1301 1864 1531 1936 distinximus.

376 1979 488 2050 Voces
515 1979 558 2051 ab
586 1979 797 2068 Hieronymo
823 1978 995 2050 adhibitas
1022 2002 1065 2052 ex
1092 2002 1131 2051 eo
1159 2003 1312 2070 numero,
1339 2004 1427 2073 quae
1454 1986 1489 2054 in
1510 1984 1572 2056 Sa-

291 2122 369 2173 crae
388 2099 588 2188 Scripturae
614 2099 852 2171 translationis
876 2101 1006 2172 ueteris
1030 2102 1391 2192 antehieronymianae
1416 2105 1573 2195 reliquiis

289 2222 513 2294 inueniuntur
545 2222 718 2309 nouiciae,
756 2242 842 2309 quas
875 2221 921 2291 H.
949 2222 1105 2294 Roensoh
1132 2223 1176 2294 V.
1207 2224 1263 2312 D.,
1299 2225 1341 2296 de
1367 2225 1421 2296 his
1448 2226 1572 2296 studiis

287 2342 659 2431 benemerentissimuS,
692 2343 727 2413 in
762 2343 852 2414 libro
888 2343 1053 2432 inscripto
1081 2343 1171 2416 Itala
1204 2345 1272 2414 und
1300 2344 1455 2434 Vulgata
1480 2366 1572 2416 conr-

288 2467 404 2554 posuit
432 2463 481 2558 (S.
511 2462 545 2535 S.
571 2471 640 2535 uet.
669 2465 726 2534 uel
755 2462 789 2533 S.
818 2463 880 2554 S.),
908 2465 943 2533 in
969 2464 1153 2536 laterculos
1178 2487 1260 2535 non
1288 2465 1479 2554 retulimus,
1509 2487 1571 2537 neo

289 2589 401 2677 magis
427 2588 500 2660 fere
520 2605 621 2656 uoces
645 2584 843 2672 desumptas
871 2605 889 2655 e
917 2585 1075 2654 uersione
1099 2586 1241 2673 uulgata
1261 2584 1396 2676 (Vulg.)
1424 2586 1467 2655 ab
1486 2585 1570 2656 Hie-

267 2707 431 2797 ronymo
457 2709 549 2778 facta
583 2706 639 2776 uel
674 2710 879 2792 retractata,
915 2725 990 2774 omn
1027 2705 1085 2775 ille
1109 2705 1198 2793 quod
1227 2706 1270 2774 ad
1300 2706 1483 2776 uerborum
1511 2706 1570 2776 de·

289 2828 413 2898 lectum
434 2829 560 2898 attinet
579 2826 784 2896 correctoris
805 2826 916 2913 magis
935 2846 1036 2913 quam
1057 2826 1292 2896 reformatoris
1310 2834 1428 2914 partes
1447 2827 1568 2914 egerit..

289 2954 363 3042 Quo
391 2948 474 3039 quid
500 2969 555 3018 me
582 2945 796 3035 compulerit,
825 2945 979 3032 exemplo
1006 2946 1260 3016 subostendam.
1310 2946 1481 3016 Nimirum
1509 2967 1568 3016 no-

290 3073 451 3143 stratium
480 3088 614 3158 quoque
642 3065 805 3136 ecclcsiae
834 3065 1011 3134 doctorum
1039 3066 1169 3152 scripta
1195 3073 1230 3135 et
1257 3067 1442 3151 contiones
1478 3067 1507 3135 si
1534 3068 1568 3135 in

288 3195 408 3263 literas
431 3191 632 3276 mittuntur,
668 3187 806 3273 linguae
831 3187 884 3256 sui
909 3184 1075 3272 temporis
1100 3191 1178 3255 sunt
1206 3185 1428 3272 ueracissima
1455 3187 1490 3254 in
1516 3186 1533 3256 s
1555 3228 1569 3238 -

288 3320 403 3383 turum
428 3315 646 3380 monumenta
671 3308 851 3395 fontesque
879 3305 1064 3393 purissimi,
1092 3305 1216 3374 modo
1244 3307 1320 3395 quis
1347 3325 1569 3396 quaecunque

289 3433 449 3503 deriuata
475 3436 555 3501 sunt
589 3451 607 3498 e
634 3427 668 3497 S.
698 3425 733 3497 S.
762 3434 842 3500 ante
870 3423 987 3495 0001.
1016 3426 1163 3514 amplius
1187 3448 1293 3497 annos
1320 3427 1491 3498 translata
1518 3449 1570 3497 se-

289 3553 369 3622 dulo
389 3550 595 3621 serreuerit:
621 3570 653 3617 u.
675 3567 702 3616 c.
723 3569 790 3617 uox
808 3545 1105 3634 Heilsaneignung
1123 3554 1176 3616 est
1195 3547 1256 3616 illa
1274 3547 1411 3635 quidem
1431 3546 1570 3634 linguae

289 3673 393 3743 seculi
421 3671 523 3758 XIX,
560 3669 718 3758 quanmis
744 3688 811 3736 non
839 3666 1093 3737 consuetudinis
1120 3668 1324 3755 communis,
1361 3673 1397 3737 at
1426 3667 1498 3736 ‘das
1525 3667 1570 3737 ist

283 3794 320 3883 je
352 3791 543 3881 geuisslich
576 3790 683 3861 wahr’
723 3789 791 3859 iam
828 3788 967 3857 minime
1002 3795 1055 3856 est
1090 3787 1194 3856 seculi
1220 3785 1314 3873 XIX,
1348 3787 1569 3875 quantumuis

287 3913 409 3984 tritum
435 3910 732 4000 praedicatoribus
759 3908 974 3998 quibusdam.
1011 3906 1244 3976 Nihilominus
1273 3908 1409 3977 illarum
1434 3928 1569 3995 qrroque

288 4053 407 4102 uocum
427 4031 596 4102 delectum
624 4029 791 4120 quendam
819 4048 882 4116 per
908 4028 1044 4116 singula
1066 4029 1139 4099 fere
1158 4048 1285 4116 genera
1305 4027 1567 4098 subadiecimus.

288 4153 327 4224 ln
361 4153 415 4223 his
451 4172 604 4241 quoque,
641 4151 670 4220 si
696 4171 764 4220 uox
791 4148 995 4219 diductis
1021 4168 1184 4237 expressa
1219 4154 1271 4218 est
1298 4147 1427 4236 literis,
1462 4147 1568 4235 signi-

288 4273 411 4344 ficatur
438 4294 513 4344 esse
536 4293 612 4343 eam
639 4273 707 4342 iam
735 4270 826 4360 apud
853 4269 1114 4339 Tertullianum.

372 4392 421 4464 nt
441 4393 530 4464 enim
549 4413 616 4462 non
634 4393 778 4462 nouiciis
798 4397 833 4462 et
859 4388 958 4460 modo
978 4390 1068 4461 natis
1087 4395 1221 4461 tantum
1243 4394 1378 4460 constat
1395 4386 1567 4476 peculium

287 4513 425 4603 linguae
451 4511 607 4600 alicuius
633 4512 691 4583 sed
711 4513 761 4584 eis
780 4531 915 4601 quoque
933 4510 1086 4597 uocibuS,
1115 4531 1202 4600 qrrae
1220 4509 1353 4598 pridem
1373 4514 1475 4579 natae
1494 4515 1565 4578 tum
