<?xml version="1.0" encoding="UTF-8"?>
<!DOCTYPE html PUBLIC "-//W3C//DTD XHTML 1.0 Transitional//EN"
    "http://www.w3.org/TR/xhtml1/DTD/xhtml1-transitional.dtd">
<html xmlns="http://www.w3.org/1999/xhtml" xml:lang="en" lang="en">
 <head>
  <title>
</title>
<meta http-equiv="Content-Type" content="text/html;charset=utf-8" />
  <meta name='ocr-system' content='tesseract 3.04.00' />
  <meta name='ocr-capabilities' content='ocr_page ocr_carea ocr_par ocr_line ocrx_word'/>
</head>
<body>
  <div class='ocr_page' id='page_1' title='image "./delatinitatebhi00paucgoog_0107.png"; bbox 0 0 3458 5306; ppageno 0'>
   <div class='ocr_carea' id='block_1_1' title="bbox 866 379 906 440">
    <p class='ocr_par' dir='ltr' id='par_1_1' title="bbox 866 379 906 440">
     <span class='ocr_line' id='line_1_1' title="bbox 866 379 906 440; baseline 0.025 -1"><span class='ocrx_word' id='word_1_1' title='bbox 866 379 906 440; x_wconf 84' lang='grc'>98</span> 
     </span>
    </p>
   </div>
   <div class='ocr_carea' id='block_1_2' title="bbox 246 589 1530 922">
    <p class='ocr_par' dir='ltr' id='par_1_2' title="bbox 246 589 1530 922">
     <span class='ocr_line' id='line_1_2' title="bbox 246 589 1530 685; baseline 0.005 -27"><span class='ocrx_word' id='word_1_2' title='bbox 246 611 279 661; x_wconf 93' lang='lat' dir='ltr'>n.</span> <span class='ocrx_word' id='word_1_3' title='bbox 300 589 372 678; x_wconf 84' lang='grc'>11),</span> <span class='ocrx_word' id='word_1_4' title='bbox 392 596 644 679; x_wconf 88' lang='lat' dir='ltr'>—praetcrea</span> <span class='ocrx_word' id='word_1_5' title='bbox 669 589 851 681; x_wconf 84' lang='lat' dir='ltr'>pacificare</span> <span class='ocrx_word' id='word_1_6' title='bbox 878 591 935 684; x_wconf 86' lang='lat' dir='ltr'>(p)</span> <span class='ocrx_word' id='word_1_7' title='bbox 962 591 997 663; x_wconf 92' lang='lat' dir='ltr'>in</span> <span class='ocrx_word' id='word_1_8' title='bbox 1023 591 1069 663; x_wconf 90' lang='lat' dir='ltr'>ls.</span> <span class='ocrx_word' id='word_1_9' title='bbox 1089 590 1174 664; x_wconf 89' lang='lat' dir='ltr'>XIV</span> <span class='ocrx_word' id='word_1_10' title='bbox 1193 591 1237 664; x_wconf 88' lang='lat' dir='ltr'>ad</span> <span class='ocrx_word' id='word_1_11' title='bbox 1264 595 1322 681; x_wconf 74' lang='lat'>52,</span> <span class='ocrx_word' id='word_1_12' title='bbox 1353 594 1374 664; x_wconf 84' lang='lat'>7</span> <span class='ocrx_word' id='word_1_13' title='bbox 1402 613 1467 685; x_wconf 87' lang='lat' dir='ltr'>sq,</span> <span class='ocrx_word' id='word_1_14' title='bbox 1494 593 1530 664; x_wconf 93' lang='lat' dir='ltr'>in</span> 
     </span>
     <span class='ocr_line' id='line_1_3' title="bbox 247 709 1528 804; baseline 0.005 -26"><span class='ocrx_word' id='word_1_15' title='bbox 247 709 334 780; x_wconf 87' lang='lat' dir='ltr'>Mal.</span> <span class='ocrx_word' id='word_1_16' title='bbox 361 714 395 797; x_wconf 84' lang='lat'>2,</span> <span class='ocrx_word' id='word_1_17' title='bbox 426 713 446 780; x_wconf 84' lang='lat'>5</span> <span class='ocrx_word' id='word_1_18' title='bbox 475 731 548 802; x_wconf 88' lang='lat' dir='ltr'><strong>sqq.</strong></span> <span class='ocrx_word' id='word_1_19' title='bbox 578 717 613 782; x_wconf 90' lang='lat' dir='ltr'>ct</span> <span class='ocrx_word' id='word_1_20' title='bbox 636 732 742 799; x_wconf 71' lang='lat' dir='ltr'>saep,</span> <span class='ocrx_word' id='word_1_21' title='bbox 770 710 978 782; x_wconf 86' lang='lat' dir='ltr'>fructificare</span> <span class='ocrx_word' id='word_1_22' title='bbox 1005 709 1130 804; x_wconf 77' lang='lat' dir='ltr'>(Calp,</span> <span class='ocrx_word' id='word_1_23' title='bbox 1152 753 1196 764; x_wconf 85' lang='lat'><em>-</em></span> <span class='ocrx_word' id='word_1_24' title='bbox 1219 710 1330 800; x_wconf 88' lang='lat' dir='ltr'>Tert.)</span> <span class='ocrx_word' id='word_1_25' title='bbox 1357 712 1392 783; x_wconf 94' lang='lat' dir='ltr'>in</span> <span class='ocrx_word' id='word_1_26' title='bbox 1411 711 1475 784; x_wconf 83' lang='lat' dir='ltr'>Ea.</span> <span class='ocrx_word' id='word_1_27' title='bbox 1494 713 1528 784; x_wconf 87' lang='lat' dir='ltr'>b.</span> 
     </span>
     <span class='ocr_line' id='line_1_4' title="bbox 249 828 1528 922; baseline 0.004 -24"><span class='ocrx_word' id='word_1_28' title='bbox 249 832 283 916; x_wconf 79' lang='lat'>5,</span> <span class='ocrx_word' id='word_1_29' title='bbox 313 831 333 898; x_wconf 84' lang='lat'>5</span> <span class='ocrx_word' id='word_1_30' title='bbox 363 828 495 918; x_wconf 76' lang='lat' dir='ltr'>lignis,</span> <span class='ocrx_word' id='word_1_31' title='bbox 531 831 681 922; x_wconf 90' lang='lat' dir='ltr'>quaein</span> <span class='ocrx_word' id='word_1_32' title='bbox 709 832 799 902; x_wconf 91' lang='lat' dir='ltr'>saltu</span> <span class='ocrx_word' id='word_1_33' title='bbox 826 831 1045 903; x_wconf 90' lang='lat' dir='ltr'>fructificant’</span> <span class='ocrx_word' id='word_1_34' title='bbox 1073 832 1131 920; x_wconf 90' lang='lat' dir='ltr'>al.,</span> <span class='ocrx_word' id='word_1_35' title='bbox 1167 829 1263 922; x_wconf 85' lang='lat' dir='ltr'>Sulp.</span> <span class='ocrx_word' id='word_1_36' title='bbox 1292 830 1383 919; x_wconf 84' lang='lat' dir='ltr'>Seu,</span> <span class='ocrx_word' id='word_1_37' title='bbox 1413 831 1528 903; x_wconf 90' lang='lat' dir='ltr'>Sedul.</span> 
     </span>
    </p>
   </div>
   <div class='ocr_carea' id='block_1_3' title="bbox 245 973 1532 1908">
    <p class='ocr_par' dir='ltr' id='par_1_3' title="bbox 245 973 1532 1908">
     <span class='ocr_line' id='line_1_5' title="bbox 336 973 1532 1076; baseline 0.005 -30"><span class='ocrx_word' id='word_1_38' title='bbox 336 975 454 1048; x_wconf 85' lang='lat' dir='ltr'>Verba</span> <span class='ocrx_word' id='word_1_39' title='bbox 479 973 800 1076; x_wconf 77' lang='lat' dir='ltr'>praepositionum.</span> <span class='ocrx_word' id='word_1_40' title='bbox 854 978 989 1068; x_wconf 83' lang='lat' dir='ltr'>Operae</span> <span class='ocrx_word' id='word_1_41' title='bbox 1018 978 1169 1068; x_wconf 91' lang='lat' dir='ltr'>pretium</span> <span class='ocrx_word' id='word_1_42' title='bbox 1193 978 1278 1049; x_wconf 95' lang='lat' dir='ltr'>mihi</span> <span class='ocrx_word' id='word_1_43' title='bbox 1310 979 1432 1050; x_wconf 90' lang='lat' dir='ltr'>uideor</span> <span class='ocrx_word' id='word_1_44' title='bbox 1456 1001 1532 1052; x_wconf 91' lang='lat' dir='ltr'>esse</span> 
     </span>
     <span class='ocr_line' id='line_1_6' title="bbox 245 1094 1532 1189; baseline 0.005 -24"><span class='ocrx_word' id='word_1_45' title='bbox 245 1094 416 1185; x_wconf 79' lang='lat' dir='ltr'>tacturus,</span> <span class='ocrx_word' id='word_1_46' title='bbox 454 1097 483 1167; x_wconf 94' lang='lat' dir='ltr'>si</span> <span class='ocrx_word' id='word_1_47' title='bbox 515 1097 700 1170; x_wconf 88' lang='lat' dir='ltr'>uerborum</span> <span class='ocrx_word' id='word_1_48' title='bbox 736 1100 920 1170; x_wconf 90' lang='lat' dir='ltr'>latinorum</span> <span class='ocrx_word' id='word_1_49' title='bbox 947 1098 1117 1184; x_wconf 93' lang='lat' dir='ltr'>omnium,</span> <span class='ocrx_word' id='word_1_50' title='bbox 1153 1096 1277 1189; x_wconf 92' lang='lat' dir='ltr'>quibus</span> <span class='ocrx_word' id='word_1_51' title='bbox 1302 1097 1426 1171; x_wconf 86' lang='lat' dir='ltr'>affixae</span> <span class='ocrx_word' id='word_1_52' title='bbox 1452 1106 1532 1171; x_wconf 89' lang='lat' dir='ltr'>sunt</span> 
     </span>
     <span class='ocr_line' id='line_1_7' title="bbox 247 1217 1531 1311; baseline 0.004 -25"><span class='ocrx_word' id='word_1_53' title='bbox 247 1217 539 1306; x_wconf 87' lang='lat' dir='ltr'>praepositiones,</span> <span class='ocrx_word' id='word_1_54' title='bbox 576 1218 721 1290; x_wconf 87' lang='lat' dir='ltr'>indicem</span> <span class='ocrx_word' id='word_1_55' title='bbox 750 1240 851 1311; x_wconf 93' lang='lat' dir='ltr'>quam</span> <span class='ocrx_word' id='word_1_56' title='bbox 878 1219 1132 1309; x_wconf 90' lang='lat' dir='ltr'>plenissimum,</span> <span class='ocrx_word' id='word_1_57' title='bbox 1168 1219 1218 1290; x_wconf 91' lang='lat' dir='ltr'>ita</span> <span class='ocrx_word' id='word_1_58' title='bbox 1244 1225 1283 1290; x_wconf 94' lang='lat' dir='ltr'>ut</span> <span class='ocrx_word' id='word_1_59' title='bbox 1308 1240 1397 1311; x_wconf 90' lang='lat' dir='ltr'>quae</span> <span class='ocrx_word' id='word_1_60' title='bbox 1423 1219 1531 1292; x_wconf 90' lang='lat' dir='ltr'>uerba</span> 
     </span>
     <span class='ocr_line' id='line_1_8' title="bbox 249 1337 1532 1430; baseline 0.003 -24"><span class='ocrx_word' id='word_1_61' title='bbox 249 1357 335 1428; x_wconf 92' lang='lat' dir='ltr'>quas</span> <span class='ocrx_word' id='word_1_62' title='bbox 358 1337 632 1425; x_wconf 81' lang='lat' dir='ltr'>praepositiones</span> <span class='ocrx_word' id='word_1_63' title='bbox 657 1338 782 1429; x_wconf 90' lang='lat' dir='ltr'>quibus</span> <span class='ocrx_word' id='word_1_64' title='bbox 807 1339 897 1427; x_wconf 87' lang='lat' dir='ltr'>fere,</span> <span class='ocrx_word' id='word_1_65' title='bbox 933 1344 1098 1430; x_wconf 89' lang='lat' dir='ltr'>quantum</span> <span class='ocrx_word' id='word_1_66' title='bbox 1132 1337 1167 1409; x_wconf 87' lang='lat' dir='ltr'>id</span> <span class='ocrx_word' id='word_1_67' title='bbox 1194 1339 1273 1409; x_wconf 92' lang='lat' dir='ltr'>sciri</span> <span class='ocrx_word' id='word_1_68' title='bbox 1300 1346 1430 1428; x_wconf 90' lang='lat' dir='ltr'>potest,</span> <span class='ocrx_word' id='word_1_69' title='bbox 1466 1337 1532 1410; x_wconf 95' lang='lat' dir='ltr'>lin-</span> 
     </span>
     <span class='ocr_line' id='line_1_9' title="bbox 248 1456 1532 1549; baseline 0.002 -23"><span class='ocrx_word' id='word_1_70' title='bbox 248 1477 337 1544; x_wconf 84' lang='lat' dir='ltr'>guae</span> <span class='ocrx_word' id='word_1_71' title='bbox 364 1456 576 1545; x_wconf 90' lang='lat' dir='ltr'>temporibus</span> <span class='ocrx_word' id='word_1_72' title='bbox 586 1457 619 1546; x_wconf 66' lang='lat'>³¹²)</span> <span class='ocrx_word' id='word_1_73' title='bbox 651 1459 901 1548; x_wconf 84' lang='lat' dir='ltr'>assumpserint</span> <span class='ocrx_word' id='word_1_74' title='bbox 935 1458 970 1528; x_wconf 90' lang='lat' dir='ltr'>in</span> <span class='ocrx_word' id='word_1_75' title='bbox 1004 1465 1188 1548; x_wconf 90' lang='lat' dir='ltr'>conspectu</span> <span class='ocrx_word' id='word_1_76' title='bbox 1220 1465 1380 1549; x_wconf 89' lang='lat' dir='ltr'>ponatur,</span> <span class='ocrx_word' id='word_1_77' title='bbox 1415 1459 1532 1530; x_wconf 92' lang='lat' dir='ltr'>ecol-</span> 
     </span>
     <span class='ocr_line' id='line_1_10' title="bbox 248 1576 1532 1670; baseline 0 -24"><span class='ocrx_word' id='word_1_78' title='bbox 248 1578 412 1650; x_wconf 89' lang='lat' dir='ltr'>lectaneis</span> <span class='ocrx_word' id='word_1_79' title='bbox 431 1576 497 1648; x_wconf 93' lang='lat' dir='ltr'>hnc</span> <span class='ocrx_word' id='word_1_80' title='bbox 517 1578 703 1668; x_wconf 87' lang='lat' dir='ltr'>contulero,</span> <span class='ocrx_word' id='word_1_81' title='bbox 731 1600 820 1670; x_wconf 91' lang='lat' dir='ltr'>quae</span> <span class='ocrx_word' id='word_1_82' title='bbox 846 1586 960 1650; x_wconf 92' lang='lat' dir='ltr'>autem</span> <span class='ocrx_word' id='word_1_83' title='bbox 982 1579 1025 1649; x_wconf 90' lang='lat' dir='ltr'>de</span> <span class='ocrx_word' id='word_1_84' title='bbox 1045 1577 1257 1667; x_wconf 83' lang='lat' dir='ltr'>singulorum</span> <span class='ocrx_word' id='word_1_85' title='bbox 1276 1578 1377 1649; x_wconf 91' lang='lat' dir='ltr'>huius</span> <span class='ocrx_word' id='word_1_86' title='bbox 1396 1579 1532 1666; x_wconf 77' lang='lat' dir='ltr'>generis</span> 
     </span>
     <span class='ocr_line' id='line_1_11' title="bbox 248 1695 1531 1790; baseline 0.001 -23"><span class='ocrx_word' id='word_1_87' title='bbox 248 1697 461 1768; x_wconf 91' lang='lat' dir='ltr'>nouiciorum</span> <span class='ocrx_word' id='word_1_88' title='bbox 494 1695 692 1772; x_wconf 89' lang='lat' dir='ltr'>autetiam</span> <span class='ocrx_word' id='word_1_89' title='bbox 726 1699 872 1770; x_wconf 92' lang='lat' dir='ltr'>aliorum</span> <span class='ocrx_word' id='word_1_90' title='bbox 907 1699 1121 1790; x_wconf 92' lang='lat' dir='ltr'>quorundam</span> <span class='ocrx_word' id='word_1_91' title='bbox 1156 1699 1247 1788; x_wconf 93' lang='lat' dir='ltr'>apud</span> <span class='ocrx_word' id='word_1_92' title='bbox 1284 1699 1531 1788; x_wconf 84' lang='lat' dir='ltr'>Hieronymum</span> 
     </span>
     <span class='ocr_line' id='line_1_12' title="bbox 250 1816 1142 1908; baseline 0.001 -22"><span class='ocrx_word' id='word_1_93' title='bbox 250 1839 314 1888; x_wconf 90' lang='lat' dir='ltr'>usu</span> <span class='ocrx_word' id='word_1_94' title='bbox 339 1816 657 1908; x_wconf 78' lang='lat' dir='ltr'>animaduertimuS,</span> <span class='ocrx_word' id='word_1_95' title='bbox 686 1819 730 1888; x_wconf 94' lang='lat' dir='ltr'>ad</span> <span class='ocrx_word' id='word_1_96' title='bbox 757 1819 894 1908; x_wconf 85' lang='lat' dir='ltr'>singula</span> <span class='ocrx_word' id='word_1_97' title='bbox 919 1825 1142 1891; x_wconf 88' lang='lat' dir='ltr'>annotauero.</span> 
     </span>
    </p>
   </div>
   <div class='ocr_carea' id='block_1_4' title="bbox 249 1963 1532 2421">
    <p class='ocr_par' dir='ltr' id='par_1_4' title="bbox 249 1963 1532 2421">
     <span class='ocr_line' id='line_1_13' title="bbox 337 1963 1529 2056; baseline 0 -22"><span class='ocrx_word' id='word_1_98' title='bbox 337 1965 516 2051; x_wconf 84' lang='lat' dir='ltr'>Aceratus,</span> <span class='ocrx_word' id='word_1_99' title='bbox 542 1977 598 2047; x_wconf 77' lang='lat' dir='ltr'>oo,</span> <span class='ocrx_word' id='word_1_100' title='bbox 622 2007 674 2019; x_wconf 78' lang='grc'>-</span> <span class='ocrx_word' id='word_1_101' title='bbox 691 1965 864 2054; x_wconf 79' lang='lat' dir='ltr'>acerbare,</span> <span class='ocrx_word' id='word_1_102' title='bbox 885 1985 952 2056; x_wconf 67' lang='lat' dir='ltr'>en,</span> <span class='ocrx_word' id='word_1_103' title='bbox 976 1965 1106 2052; x_wconf 69' lang='lat' dir='ltr'>‹te-eo,</span> <span class='ocrx_word' id='word_1_104' title='bbox 1128 1963 1375 2054; x_wconf 89' lang='lat' dir='ltr'>-acerbesccre,</span> <span class='ocrx_word' id='word_1_105' title='bbox 1400 1985 1470 2052; x_wconf 71' lang='lat' dir='ltr'>aa,</span> <span class='ocrx_word' id='word_1_106' title='bbox 1486 2007 1529 2016; x_wconf 98' lang='lat'>-</span> 
     </span>
     <span class='ocr_line' id='line_1_14' title="bbox 249 2086 1531 2178; baseline -0.004 -23"><span class='ocrx_word' id='word_1_107' title='bbox 249 2107 431 2172; x_wconf 89' lang='lat' dir='ltr'>aceruare,</span> <span class='ocrx_word' id='word_1_108' title='bbox 468 2107 534 2178; x_wconf 89' lang='lat' dir='ltr'>co-,</span> <span class='ocrx_word' id='word_1_109' title='bbox 569 2111 639 2176; x_wconf 70' lang='lat' dir='ltr'>cac,</span> <span class='ocrx_word' id='word_1_110' title='bbox 674 2106 808 2176; x_wconf 63' lang='lat' dir='ltr'>super,</span> <span class='ocrx_word' id='word_1_111' title='bbox 840 2127 884 2136; x_wconf 94' lang='lat'>-</span> <span class='ocrx_word' id='word_1_112' title='bbox 921 2106 1086 2176; x_wconf 88' lang='lat' dir='ltr'>acescere,</span> <span class='ocrx_word' id='word_1_113' title='bbox 1115 2107 1180 2173; x_wconf 94' lang='lat' dir='ltr'>co·,</span> <span class='ocrx_word' id='word_1_114' title='bbox 1210 2104 1277 2175; x_wconf 66' lang='lat' dir='ltr'>ere,</span> <span class='ocrx_word' id='word_1_115' title='bbox 1306 2086 1362 2174; x_wconf 80' lang='lat' dir='ltr'>in,</span> <span class='ocrx_word' id='word_1_116' title='bbox 1387 2112 1455 2167; x_wconf 72' lang='lat' dir='ltr'>per,</span> <span class='ocrx_word' id='word_1_117' title='bbox 1486 2127 1531 2137; x_wconf 93' lang='grc'>-</span> 
     </span>
     <span class='ocr_line' id='line_1_15' title="bbox 250 2205 1532 2301; baseline 0.002 -25"><span class='ocrx_word' id='word_1_118' title='bbox 250 2205 417 2290; x_wconf 91' lang='lat' dir='ltr'>-acinare,</span> <span class='ocrx_word' id='word_1_119' title='bbox 436 2219 490 2287; x_wconf 67' lang='lat' dir='ltr'>ue,</span> <span class='ocrx_word' id='word_1_120' title='bbox 511 2229 579 2297; x_wconf 67' lang='lat' dir='ltr'>ca,</span> <span class='ocrx_word' id='word_1_121' title='bbox 602 2251 646 2259; x_wconf 89' lang='lat'>—</span> <span class='ocrx_word' id='word_1_122' title='bbox 676 2205 858 2294; x_wconf 76' lang='lat' dir='ltr'>acisclum,</span> <span class='ocrx_word' id='word_1_123' title='bbox 881 2226 950 2292; x_wconf 72' lang='lat' dir='ltr'>cra,</span> <span class='ocrx_word' id='word_1_124' title='bbox 981 2247 1025 2256; x_wconf 89' lang='lat'><em>-</em></span> <span class='ocrx_word' id='word_1_125' title='bbox 1055 2227 1188 2295; x_wconf 89' lang='lat' dir='ltr'>acuere,</span> <span class='ocrx_word' id='word_1_126' title='bbox 1217 2228 1286 2290; x_wconf 84' lang='lat' dir='ltr'>ex-,</span> <span class='ocrx_word' id='word_1_127' title='bbox 1314 2228 1392 2296; x_wconf 91' lang='lat' dir='ltr'>per·</span> <span class='ocrx_word' id='word_1_128' title='bbox 1419 2209 1532 2301; x_wconf 85' lang='lat' dir='ltr'>(-tus)‚</span> 
     </span>
     <span class='ocr_line' id='line_1_16' title="bbox 250 2322 1532 2421; baseline 0.002 -25"><span class='ocrx_word' id='word_1_129' title='bbox 250 2346 351 2414; x_wconf 91' lang='lat' dir='ltr'>prae·</span> <span class='ocrx_word' id='word_1_130' title='bbox 370 2325 481 2418; x_wconf 83' lang='lat' dir='ltr'>Caes,</span> <span class='ocrx_word' id='word_1_131' title='bbox 503 2371 547 2380; x_wconf 93' lang='lat'>-—</span> <span class='ocrx_word' id='word_1_132' title='bbox 569 2330 776 2414; x_wconf 83' lang='lat' dir='ltr'>acuminarc,</span> <span class='ocrx_word' id='word_1_133' title='bbox 795 2348 863 2416; x_wconf 72' lang='lat' dir='ltr'>ca,</span> <span class='ocrx_word' id='word_1_134' title='bbox 895 2367 939 2376; x_wconf 89' lang='lat'>-</span> <span class='ocrx_word' id='word_1_135' title='bbox 969 2326 1160 2416; x_wconf 88' lang='lat' dir='ltr'>aedificare,</span> <span class='ocrx_word' id='word_1_136' title='bbox 1188 2322 1351 2404; x_wconf 79' lang='lat' dir='ltr'>lcircuu·</span> <span class='ocrx_word' id='word_1_137' title='bbox 1376 2324 1439 2421; x_wconf 73' lang='grc'>(9),</span> <span class='ocrx_word' id='word_1_138' title='bbox 1465 2351 1532 2416; x_wconf 85' lang='lat' dir='ltr'>co-,</span> 
     </span>
    </p>
   </div>
   <div class='ocr_carea' id='block_1_5' title="bbox 250 2631 1538 4648">
    <p class='ocr_par' dir='ltr' id='par_1_5' title="bbox 250 2631 1538 4648">
     <span class='ocr_line' id='line_1_17' title="bbox 342 2631 1530 2704; baseline 0.003 -18"><span class='ocrx_word' id='word_1_139' title='bbox 342 2632 369 2702; x_wconf 69' lang='lat'>²⁸)</span> <span class='ocrx_word' id='word_1_140' title='bbox 394 2631 453 2700; x_wconf 76' lang='lat' dir='ltr'>Quia</span> <span class='ocrx_word' id='word_1_141' title='bbox 477 2633 504 2686; x_wconf 87' lang='lat' dir='ltr'>in</span> <span class='ocrx_word' id='word_1_142' title='bbox 527 2649 569 2702; x_wconf 89' lang='lat' dir='ltr'>re,</span> <span class='ocrx_word' id='word_1_143' title='bbox 595 2633 622 2686; x_wconf 87' lang='lat' dir='ltr'>in</span> <span class='ocrx_word' id='word_1_144' title='bbox 645 2632 837 2700; x_wconf 81' lang='lat' dir='ltr'>distinguendis</span> <span class='ocrx_word' id='word_1_145' title='bbox 862 2631 966 2688; x_wconf 90' lang='lat' dir='ltr'>scilicet</span> <span class='ocrx_word' id='word_1_146' title='bbox 984 2648 1037 2685; x_wconf 94' lang='lat' dir='ltr'>non</span> <span class='ocrx_word' id='word_1_147' title='bbox 1056 2637 1110 2686; x_wconf 90' lang='lat' dir='ltr'>tam</span> <span class='ocrx_word' id='word_1_148' title='bbox 1129 2633 1271 2687; x_wconf 87' lang='lat' dir='ltr'>uerborum</span> <span class='ocrx_word' id='word_1_149' title='bbox 1292 2633 1408 2702; x_wconf 82' lang='lat' dir='ltr'>ipsonam</span> <span class='ocrx_word' id='word_1_150' title='bbox 1427 2651 1476 2704; x_wconf 86' lang='lat' dir='ltr'>per</span> <span class='ocrx_word' id='word_1_151' title='bbox 1492 2650 1530 2703; x_wconf 87' lang='lat' dir='ltr'>sc,</span> 
     </span>
     <span class='ocr_line' id='line_1_18' title="bbox 252 2721 1534 2791; baseline 0.006 -20"><span class='ocrx_word' id='word_1_152' title='bbox 252 2735 334 2786; x_wconf 91' lang='lat' dir='ltr'>quam</span> <span class='ocrx_word' id='word_1_153' title='bbox 351 2727 506 2788; x_wconf 87' lang='lat' dir='ltr'>auctorum,</span> <span class='ocrx_word' id='word_1_154' title='bbox 529 2738 578 2789; x_wconf 88' lang='lat' dir='ltr'>per</span> <span class='ocrx_word' id='word_1_155' title='bbox 596 2737 662 2789; x_wconf 89' lang='lat' dir='ltr'>quos</span> <span class='ocrx_word' id='word_1_156' title='bbox 681 2721 851 2776; x_wconf 90' lang='lat' dir='ltr'>innotescunt</span> <span class='ocrx_word' id='word_1_157' title='bbox 868 2721 953 2789; x_wconf 90' lang='lat' dir='ltr'>nobis,</span> <span class='ocrx_word' id='word_1_158' title='bbox 978 2721 1149 2791; x_wconf 87' lang='lat' dir='ltr'>temporibus,</span> <span class='ocrx_word' id='word_1_159' title='bbox 1173 2722 1221 2776; x_wconf 88' lang='lat' dir='ltr'>sic</span> <span class='ocrx_word' id='word_1_160' title='bbox 1239 2723 1349 2790; x_wconf 86' lang='lat' dir='ltr'>egimus.</span> <span class='ocrx_word' id='word_1_161' title='bbox 1386 2723 1534 2779; x_wconf 86' lang='lat' dir='ltr'>Ordinariis</span> 
     </span>
     <span class='ocr_line' id='line_1_19' title="bbox 258 2809 1533 2882; baseline 0.005 -22"><span class='ocrx_word' id='word_1_162' title='bbox 258 2809 343 2862; x_wconf 90' lang='lat' dir='ltr'>literis</span> <span class='ocrx_word' id='word_1_163' title='bbox 362 2809 401 2878; x_wconf 92' lang='lat' dir='ltr'>(in</span> <span class='ocrx_word' id='word_1_164' title='bbox 420 2810 661 2879; x_wconf 89' lang='lat' dir='ltr'>praepositionibus</span> <span class='ocrx_word' id='word_1_165' title='bbox 679 2810 783 2864; x_wconf 88' lang='lat' dir='ltr'>scilicet</span> <span class='ocrx_word' id='word_1_166' title='bbox 800 2811 957 2878; x_wconf 85' lang='lat' dir='ltr'>scribendis)</span> <span class='ocrx_word' id='word_1_167' title='bbox 975 2809 1156 2877; x_wconf 82' lang='lat' dir='ltr'>significamus</span> <span class='ocrx_word' id='word_1_168' title='bbox 1173 2811 1284 2865; x_wconf 90' lang='lat' dir='ltr'>uerbum</span> <span class='ocrx_word' id='word_1_169' title='bbox 1303 2827 1385 2866; x_wconf 87' lang='lat' dir='ltr'>aurea</span> <span class='ocrx_word' id='word_1_170' title='bbox 1404 2812 1455 2866; x_wconf 84' lang='lat' dir='ltr'>iarn</span> <span class='ocrx_word' id='word_1_171' title='bbox 1469 2830 1495 2882; x_wconf 91' lang='lat' dir='ltr'>q.</span> <span class='ocrx_word' id='word_1_172' title='bbox 1508 2813 1533 2867; x_wconf 90' lang='lat' dir='ltr'>d.</span> 
     </span>
     <span class='ocr_line' id='line_1_20' title="bbox 254 2897 1534 2970; baseline 0.004 -21"><span class='ocrx_word' id='word_1_173' title='bbox 254 2897 360 2964; x_wconf 83' lang='lat' dir='ltr'>linguae</span> <span class='ocrx_word' id='word_1_174' title='bbox 378 2903 466 2952; x_wconf 90' lang='lat' dir='ltr'>aetate</span> <span class='ocrx_word' id='word_1_175' title='bbox 486 2900 512 2952; x_wconf 92' lang='lat' dir='ltr'>in</span> <span class='ocrx_word' id='word_1_176' title='bbox 531 2915 610 2967; x_wconf 87' lang='lat' dir='ltr'>prosa</span> <span class='ocrx_word' id='word_1_177' title='bbox 629 2899 748 2952; x_wconf 90' lang='lat' dir='ltr'>oratione</span> <span class='ocrx_word' id='word_1_178' title='bbox 767 2899 898 2967; x_wconf 87' lang='lat' dir='ltr'>adhiberi,</span> <span class='ocrx_word' id='word_1_179' title='bbox 918 2898 1079 2968; x_wconf 88' lang='lat' dir='ltr'>etquidem,</span> <span class='ocrx_word' id='word_1_180' title='bbox 1100 2897 1123 2951; x_wconf 89' lang='lat' dir='ltr'>si</span> <span class='ocrx_word' id='word_1_181' title='bbox 1139 2899 1207 2953; x_wconf 94' lang='lat' dir='ltr'>nihil</span> <span class='ocrx_word' id='word_1_182' title='bbox 1219 2898 1382 2968; x_wconf 90' lang='lat' dir='ltr'>adscriptum</span> <span class='ocrx_word' id='word_1_183' title='bbox 1395 2906 1443 2970; x_wconf 74' lang='lat' dir='ltr'>est,</span> <span class='ocrx_word' id='word_1_184' title='bbox 1463 2902 1534 2970; x_wconf 89' lang='lat' dir='ltr'>apud</span> 
     </span>
     <span class='ocr_line' id='line_1_21' title="bbox 252 2986 1534 3055; baseline 0.004 -16"><span class='ocrx_word' id='word_1_185' title='bbox 252 2987 405 3040; x_wconf 81' lang='lat' dir='ltr'>Ciceronem</span> <span class='ocrx_word' id='word_1_186' title='bbox 429 2993 542 3055; x_wconf 82' lang='lat' dir='ltr'>exstare,</span> <span class='ocrx_word' id='word_1_187' title='bbox 566 3003 626 3040; x_wconf 87' lang='lat' dir='ltr'>nam</span> <span class='ocrx_word' id='word_1_188' title='bbox 648 2987 671 3040; x_wconf 92' lang='lat' dir='ltr'>si</span> <span class='ocrx_word' id='word_1_189' title='bbox 695 2987 795 3055; x_wconf 89' lang='lat' dir='ltr'>absque</span> <span class='ocrx_word' id='word_1_190' title='bbox 818 2987 953 3041; x_wconf 89' lang='lat' dir='ltr'>Ciceronis</span> <span class='ocrx_word' id='word_1_191' title='bbox 982 2986 1138 3042; x_wconf 80' lang='lat' dir='ltr'>Caesarisne</span> <span class='ocrx_word' id='word_1_192' title='bbox 1165 2988 1316 3042; x_wconf 89' lang='lat' dir='ltr'>testimonio</span> <span class='ocrx_word' id='word_1_193' title='bbox 1342 2989 1419 3043; x_wconf 90' lang='lat' dir='ltr'>uerbi</span> <span class='ocrx_word' id='word_1_194' title='bbox 1446 2997 1534 3044; x_wconf 70' lang='lat' dir='ltr'>umen</span> 
     </span>
     <span class='ocr_line' id='line_1_22' title="bbox 252 3061 1534 3146; baseline 0.005 -18"><span class='ocrx_word' id='word_1_195' title='bbox 252 3091 328 3129; x_wconf 76' lang='lat' dir='ltr'>sustam</span> <span class='ocrx_word' id='word_1_196' title='bbox 352 3075 392 3129; x_wconf 92' lang='lat' dir='ltr'>illi</span> <span class='ocrx_word' id='word_1_197' title='bbox 415 3077 499 3130; x_wconf 88' lang='lat' dir='ltr'>aetati</span> <span class='ocrx_word' id='word_1_198' title='bbox 522 3076 711 3130; x_wconf 90' lang='lat' dir='ltr'>uindicandum</span> <span class='ocrx_word' id='word_1_199' title='bbox 737 3092 794 3130; x_wconf 89' lang='lat' dir='ltr'>esse</span> <span class='ocrx_word' id='word_1_200' title='bbox 821 3077 993 3145; x_wconf 89' lang='lat' dir='ltr'>putabamus,</span> <span class='ocrx_word' id='word_1_201' title='bbox 1021 3093 1040 3130; x_wconf 92' lang='lat' dir='ltr'>n</span> <span class='ocrx_word' id='word_1_202' title='bbox 1067 3077 1264 3146; x_wconf 83' lang='lat' dir='ltr'>adscripsimus.</span> <span class='ocrx_word' id='word_1_203' title='bbox 1306 3077 1412 3132; x_wconf 83' lang='lat' dir='ltr'>Formis</span> <span class='ocrx_word' id='word_1_204' title='bbox 1449 3061 1534 3138; x_wconf 71' lang='lat' dir='ltr'>dille-</span> 
     </span>
     <span class='ocr_line' id='line_1_23' title="bbox 252 3154 1534 3238; baseline 0.001 -20"><span class='ocrx_word' id='word_1_205' title='bbox 252 3154 393 3230; x_wconf 67' lang='lat' dir='ltr'>peptpbps</span> <span class='ocrx_word' id='word_1_206' title='bbox 425 3165 606 3232; x_wconf 83' lang='lat' dir='ltr'>significamus</span> <span class='ocrx_word' id='word_1_207' title='bbox 636 3165 745 3218; x_wconf 89' lang='lat' dir='ltr'>uerbum</span> <span class='ocrx_word' id='word_1_208' title='bbox 771 3165 799 3219; x_wconf 92' lang='lat' dir='ltr'>iu</span> <span class='ocrx_word' id='word_1_209' title='bbox 822 3181 902 3234; x_wconf 88' lang='lat' dir='ltr'>prosa</span> <span class='ocrx_word' id='word_1_210' title='bbox 926 3167 1034 3234; x_wconf 89' lang='lat' dir='ltr'>quidem</span> <span class='ocrx_word' id='word_1_211' title='bbox 1057 3173 1133 3234; x_wconf 88' lang='lat' dir='ltr'>post</span> <span class='ocrx_word' id='word_1_212' title='bbox 1156 3167 1353 3221; x_wconf 82' lang='lat' dir='ltr'>Ciceronem</span> <span class='ocrx_word' id='word_1_213' title='bbox 1383 3168 1442 3238; x_wconf 91' lang='lat' dir='ltr'>(aut</span> <span class='ocrx_word' id='word_1_214' title='bbox 1464 3164 1534 3235; x_wconf 85' lang='lat' dir='ltr'>apud</span> 
     </span>
     <span class='ocr_line' id='line_1_24' title="bbox 252 3253 1534 3324; baseline -0.002 -14"><span class='ocrx_word' id='word_1_215' title='bbox 252 3256 376 3324; x_wconf 83' lang='lat' dir='ltr'>aequales</span> <span class='ocrx_word' id='word_1_216' title='bbox 393 3254 500 3322; x_wconf 91' lang='lat' dir='ltr'>quidem</span> <span class='ocrx_word' id='word_1_217' title='bbox 515 3254 581 3320; x_wconf 88' lang='lat' dir='ltr'>eius,</span> <span class='ocrx_word' id='word_1_218' title='bbox 601 3255 647 3308; x_wconf 89' lang='lat' dir='ltr'>sed</span> <span class='ocrx_word' id='word_1_219' title='bbox 665 3254 752 3308; x_wconf 92' lang='lat' dir='ltr'>minus</span> <span class='ocrx_word' id='word_1_220' title='bbox 770 3255 867 3323; x_wconf 90' lang='lat' dir='ltr'>probos</span> <span class='ocrx_word' id='word_1_221' title='bbox 885 3269 969 3323; x_wconf 87' lang='lat' dir='ltr'>purae</span> <span class='ocrx_word' id='word_1_222' title='bbox 986 3253 1126 3308; x_wconf 88' lang='lat' dir='ltr'>latinitatis</span> <span class='ocrx_word' id='word_1_223' title='bbox 1144 3256 1278 3324; x_wconf 86' lang='lat' dir='ltr'>auctores)</span> <span class='ocrx_word' id='word_1_224' title='bbox 1298 3255 1471 3324; x_wconf 81' lang='lat' dir='ltr'>innotescere,</span> <span class='ocrx_word' id='word_1_225' title='bbox 1490 3254 1534 3308; x_wconf 90' lang='lat' dir='ltr'>ad·</span> 
     </span>
     <span class='ocr_line' id='line_1_25' title="bbox 252 3343 1535 3414; baseline 0 -16"><span class='ocrx_word' id='word_1_226' title='bbox 252 3345 352 3414; x_wconf 85' lang='lat' dir='ltr'>scripto</span> <span class='ocrx_word' id='word_1_227' title='bbox 371 3362 402 3413; x_wconf 90' lang='lat' dir='ltr'>p,</span> <span class='ocrx_word' id='word_1_228' title='bbox 427 3344 450 3398; x_wconf 89' lang='lat' dir='ltr'>si</span> <span class='ocrx_word' id='word_1_229' title='bbox 473 3345 545 3412; x_wconf 90' lang='lat' dir='ltr'>apud</span> <span class='ocrx_word' id='word_1_230' title='bbox 564 3344 694 3410; x_wconf 83' lang='lat' dir='ltr'>Augustei</span> <span class='ocrx_word' id='word_1_231' title='bbox 716 3344 777 3397; x_wconf 89' lang='lat' dir='ltr'>aeui</span> <span class='ocrx_word' id='word_1_232' title='bbox 800 3351 893 3411; x_wconf 87' lang='lat' dir='ltr'>poetas</span> <span class='ocrx_word' id='word_1_233' title='bbox 916 3350 963 3398; x_wconf 92' lang='lat' dir='ltr'>aut</span> <span class='ocrx_word' id='word_1_234' title='bbox 986 3343 1056 3397; x_wconf 90' lang='lat' dir='ltr'>solos</span> <span class='ocrx_word' id='word_1_235' title='bbox 1081 3343 1150 3397; x_wconf 89' lang='lat' dir='ltr'>inter</span> <span class='ocrx_word' id='word_1_236' title='bbox 1168 3350 1232 3399; x_wconf 91' lang='lat' dir='ltr'>uett.</span> <span class='ocrx_word' id='word_1_237' title='bbox 1250 3350 1298 3398; x_wconf 91' lang='lat' dir='ltr'>aut</span> <span class='ocrx_word' id='word_1_238' title='bbox 1316 3345 1453 3412; x_wconf 84' lang='lat' dir='ltr'>aliquanto</span> <span class='ocrx_word' id='word_1_239' title='bbox 1471 3349 1535 3398; x_wconf 87' lang='lat' dir='ltr'>autc</span> 
     </span>
     <span class='ocr_line' id='line_1_26' title="bbox 252 3431 1534 3504; baseline 0.001 -17"><span class='ocrx_word' id='word_1_240' title='bbox 252 3440 355 3488; x_wconf 85' lang='lat' dir='ltr'>ceteros</span> <span class='ocrx_word' id='word_1_241' title='bbox 374 3431 516 3486; x_wconf 89' lang='lat' dir='ltr'>inuenitur.</span> <span class='ocrx_word' id='word_1_242' title='bbox 554 3449 684 3491; x_wconf 70' lang='lat' dir='ltr'>minuatum</span> <span class='ocrx_word' id='word_1_243' title='bbox 703 3431 796 3486; x_wconf 84' lang='lat' dir='ltr'>formis</span> <span class='ocrx_word' id='word_1_244' title='bbox 821 3433 954 3488; x_wconf 91' lang='lat' dir='ltr'>indicatur</span> <span class='ocrx_word' id='word_1_245' title='bbox 976 3433 1087 3486; x_wconf 92' lang='lat' dir='ltr'>uerbum</span> <span class='ocrx_word' id='word_1_246' title='bbox 1106 3449 1154 3501; x_wconf 91' lang='lat' dir='ltr'>per</span> <span class='ocrx_word' id='word_1_247' title='bbox 1171 3434 1316 3502; x_wconf 86' lang='lat' dir='ltr'>scriptores</span> <span class='ocrx_word' id='word_1_248' title='bbox 1333 3435 1462 3488; x_wconf 87' lang='lat' dir='ltr'>Cicerone</span> <span class='ocrx_word' id='word_1_249' title='bbox 1480 3435 1534 3504; x_wconf 80' lang='lat' dir='ltr'>(trel</span> 
     </span>
     <span class='ocr_line' id='line_1_27' title="bbox 252 3521 1537 3591; baseline 0.002 -17"><span class='ocrx_word' id='word_1_250' title='bbox 252 3529 345 3591; x_wconf 89' lang='lat' dir='ltr'>poetas</span> <span class='ocrx_word' id='word_1_251' title='bbox 364 3521 495 3590; x_wconf 84' lang='lat' dir='ltr'>Vergilio)</span> <span class='ocrx_word' id='word_1_252' title='bbox 524 3521 689 3588; x_wconf 87' lang='lat' dir='ltr'>antiquiores</span> <span class='ocrx_word' id='word_1_253' title='bbox 715 3521 850 3588; x_wconf 83' lang='lat' dir='ltr'>cognitum</span> <span class='ocrx_word' id='word_1_254' title='bbox 874 3537 931 3576; x_wconf 89' lang='lat' dir='ltr'>esse</span> <span class='ocrx_word' id='word_1_255' title='bbox 959 3521 1029 3575; x_wconf 90' lang='lat' dir='ltr'>solos</span> <span class='ocrx_word' id='word_1_256' title='bbox 1057 3526 1104 3574; x_wconf 93' lang='lat' dir='ltr'>aut</span> <span class='ocrx_word' id='word_1_257' title='bbox 1131 3527 1203 3575; x_wconf 90' lang='lat' dir='ltr'>certe</span> <span class='ocrx_word' id='word_1_258' title='bbox 1232 3522 1316 3575; x_wconf 90' lang='lat' dir='ltr'>multo</span> <span class='ocrx_word' id='word_1_259' title='bbox 1344 3523 1450 3576; x_wconf 87' lang='lat' dir='ltr'>demum</span> <span class='ocrx_word' id='word_1_260' title='bbox 1477 3529 1537 3591; x_wconf 89' lang='lat' dir='ltr'>post</span> 
     </span>
     <span class='ocr_line' id='line_1_28' title="bbox 253 3609 1536 3681; baseline 0 -17"><span class='ocrx_word' id='word_1_261' title='bbox 253 3619 373 3680; x_wconf 88' lang='lat' dir='ltr'>ternpore</span> <span class='ocrx_word' id='word_1_262' title='bbox 391 3627 482 3664; x_wconf 82' lang='lat' dir='ltr'>narsus</span> <span class='ocrx_word' id='word_1_263' title='bbox 501 3625 653 3679; x_wconf 88' lang='lat' dir='ltr'>comparere</span> <span class='ocrx_word' id='word_1_264' title='bbox 672 3610 699 3663; x_wconf 92' lang='lat' dir='ltr'>in</span> <span class='ocrx_word' id='word_1_265' title='bbox 717 3609 808 3664; x_wconf 86' lang='lat' dir='ltr'>literis.</span> <span class='ocrx_word' id='word_1_266' title='bbox 845 3609 968 3678; x_wconf 87' lang='lat' dir='ltr'>Denique</span> <span class='ocrx_word' id='word_1_267' title='bbox 985 3611 1101 3679; x_wconf 79' lang='lat' dir='ltr'>obliquis</span> <span class='ocrx_word' id='word_1_268' title='bbox 1118 3610 1219 3681; x_wconf 86' lang='lat' dir='ltr'>fonnis,</span> <span class='ocrx_word' id='word_1_269' title='bbox 1245 3618 1275 3665; x_wconf 91' lang='lat' dir='ltr'>ut</span> <span class='ocrx_word' id='word_1_270' title='bbox 1293 3612 1489 3680; x_wconf 72' lang='lat' dir='ltr'>consuescimus,</span> <span class='ocrx_word' id='word_1_271' title='bbox 1509 3612 1536 3666; x_wconf 89' lang='lat' dir='ltr'>in</span> 
     </span>
     <span class='ocr_line' id='line_1_29' title="bbox 254 3699 1536 3768; baseline 0 -14"><span class='ocrx_word' id='word_1_272' title='bbox 254 3701 293 3754; x_wconf 89' lang='lat' dir='ltr'>eis</span> <span class='ocrx_word' id='word_1_273' title='bbox 317 3700 358 3754; x_wconf 92' lang='lat' dir='ltr'>usi</span> <span class='ocrx_word' id='word_1_274' title='bbox 382 3715 474 3753; x_wconf 88' lang='lat' dir='ltr'>sumus</span> <span class='ocrx_word' id='word_1_275' title='bbox 492 3715 561 3767; x_wconf 89' lang='lat' dir='ltr'>quae</span> <span class='ocrx_word' id='word_1_276' title='bbox 586 3715 655 3753; x_wconf 89' lang='lat' dir='ltr'>rece.</span> <span class='ocrx_word' id='word_1_277' title='bbox 678 3704 753 3767; x_wconf 89' lang='lat' dir='ltr'>sunt,</span> <span class='ocrx_word' id='word_1_278' title='bbox 778 3699 806 3753; x_wconf 90' lang='lat' dir='ltr'>b.</span> <span class='ocrx_word' id='word_1_279' title='bbox 825 3714 848 3753; x_wconf 89' lang='lat' dir='ltr'>e.</span> <span class='ocrx_word' id='word_1_280' title='bbox 866 3707 927 3767; x_wconf 89' lang='lat' dir='ltr'>post</span> <span class='ocrx_word' id='word_1_281' title='bbox 944 3699 1110 3754; x_wconf 88' lang='lat' dir='ltr'>Hadrianum</span> <span class='ocrx_word' id='word_1_282' title='bbox 1130 3700 1157 3754; x_wconf 95' lang='lat' dir='ltr'>in</span> <span class='ocrx_word' id='word_1_283' title='bbox 1177 3700 1262 3755; x_wconf 91' lang='lat' dir='ltr'>literis</span> <span class='ocrx_word' id='word_1_284' title='bbox 1279 3699 1371 3754; x_wconf 88' lang='lat' dir='ltr'>latinis</span> <span class='ocrx_word' id='word_1_285' title='bbox 1390 3707 1536 3768; x_wconf 75' lang='lat' dir='ltr'>emergunt.</span> 
     </span>
     <span class='ocr_line' id='line_1_30' title="bbox 252 3788 1537 3871; baseline -0.002 -29"><span class='ocrx_word' id='word_1_286' title='bbox 252 3791 347 3858; x_wconf 90' lang='lat' dir='ltr'>ltaque</span> <span class='ocrx_word' id='word_1_287' title='bbox 360 3805 383 3842; x_wconf 90' lang='lat' dir='ltr'>e.</span> <span class='ocrx_word' id='word_1_288' title='bbox 397 3805 421 3842; x_wconf 89' lang='lat' dir='ltr'>c.</span> <span class='ocrx_word' id='word_1_289' title='bbox 436 3805 496 3843; x_wconf 92' lang='lat' dir='ltr'>cum</span> <span class='ocrx_word' id='word_1_290' title='bbox 509 3789 574 3855; x_wconf 83' lang='lat' dir='ltr'>legis</span> <span class='ocrx_word' id='word_1_291' title='bbox 594 3788 724 3857; x_wconf 68' lang='lat' dir='ltr'>domare,</span> <span class='ocrx_word' id='word_1_292' title='bbox 743 3805 814 3856; x_wconf 70' lang='lat' dir='ltr'>cora,</span> <span class='ocrx_word' id='word_1_293' title='bbox 833 3788 885 3857; x_wconf 62' lang='lat' dir='ltr'>dc,</span> <span class='ocrx_word' id='word_1_294' title='bbox 905 3799 952 3862; x_wconf 84' lang='lat' dir='ltr'>e·,</span> <span class='ocrx_word' id='word_1_295' title='bbox 966 3797 1045 3866; x_wconf 82' lang='lat' dir='ltr'>per·</span> <span class='ocrx_word' id='word_1_296' title='bbox 1060 3788 1106 3856; x_wconf 69' lang='lat' dir='ltr'>nl,</span> <span class='ocrx_word' id='word_1_297' title='bbox 1121 3796 1225 3871; x_wconf 51' lang='lat' dir='ltr'>Diffi,</span> <span class='ocrx_word' id='word_1_298' title='bbox 1239 3797 1295 3847; x_wconf 79' lang='lat' dir='ltr'>re·</span> <span class='ocrx_word' id='word_1_299' title='bbox 1313 3788 1380 3859; x_wconf 90' lang='lat' dir='ltr'>(Cic.</span> <span class='ocrx_word' id='word_1_300' title='bbox 1398 3791 1441 3857; x_wconf 81' lang='lat' dir='ltr'>s),</span> <span class='ocrx_word' id='word_1_301' title='bbox 1461 3789 1537 3858; x_wconf 62' lang='lat' dir='ltr'>aaa),</span> 
     </span>
     <span class='ocr_line' id='line_1_31' title="bbox 251 3875 1535 3947; baseline 0 -16"><span class='ocrx_word' id='word_1_302' title='bbox 251 3881 342 3932; x_wconf 90' lang='lat' dir='ltr'>statim</span> <span class='ocrx_word' id='word_1_303' title='bbox 360 3877 495 3947; x_wconf 81' lang='lat' dir='ltr'>agnoscis,</span> <span class='ocrx_word' id='word_1_304' title='bbox 522 3877 646 3932; x_wconf 86' lang='lat' dir='ltr'>edomare</span> <span class='ocrx_word' id='word_1_305' title='bbox 664 3878 831 3933; x_wconf 85' lang='lat' dir='ltr'>auctoritatis</span> <span class='ocrx_word' id='word_1_306' title='bbox 849 3893 906 3932; x_wconf 89' lang='lat' dir='ltr'>esse</span> <span class='ocrx_word' id='word_1_307' title='bbox 923 3875 996 3929; x_wconf 89' lang='lat' dir='ltr'>baud</span> <span class='ocrx_word' id='word_1_308' title='bbox 1019 3876 1100 3931; x_wconf 92' lang='lat' dir='ltr'>dubie</span> <span class='ocrx_word' id='word_1_309' title='bbox 1119 3875 1275 3944; x_wconf 86' lang='lat' dir='ltr'>Tullianae,</span> <span class='ocrx_word' id='word_1_310' title='bbox 1299 3876 1362 3931; x_wconf 85' lang='lat' dir='ltr'>itam</span> <span class='ocrx_word' id='word_1_311' title='bbox 1387 3878 1535 3944; x_wconf 81' lang='lat' dir='ltr'>redonare,</span> 
     </span>
     <span class='ocr_line' id='line_1_32' title="bbox 251 3965 1536 4035; baseline -0.002 -13"><span class='ocrx_word' id='word_1_312' title='bbox 251 3970 298 4024; x_wconf 89' lang='lat' dir='ltr'>sed</span> <span class='ocrx_word' id='word_1_313' title='bbox 318 3969 356 4022; x_wconf 90' lang='lat' dir='ltr'>ita</span> <span class='ocrx_word' id='word_1_314' title='bbox 374 3975 404 4023; x_wconf 92' lang='lat' dir='ltr'>ut</span> <span class='ocrx_word' id='word_1_315' title='bbox 422 3968 557 4023; x_wconf 91' lang='lat' dir='ltr'>Ciceronis</span> <span class='ocrx_word' id='word_1_316' title='bbox 581 3969 663 4022; x_wconf 88' lang='lat' dir='ltr'>solius</span> <span class='ocrx_word' id='word_1_317' title='bbox 682 3983 735 4020; x_wconf 93' lang='lat' dir='ltr'>uno</span> <span class='ocrx_word' id='word_1_318' title='bbox 758 3973 863 4021; x_wconf 78' lang='lat' dir='ltr'>tantam</span> <span class='ocrx_word' id='word_1_319' title='bbox 881 3966 941 4020; x_wconf 91' lang='lat' dir='ltr'>loco</span> <span class='ocrx_word' id='word_1_320' title='bbox 960 3966 1071 4035; x_wconf 89' lang='lat' dir='ltr'>nitatur,</span> <span class='ocrx_word' id='word_1_321' title='bbox 1095 3966 1252 4034; x_wconf 87' lang='lat' dir='ltr'>perdomare</span> <span class='ocrx_word' id='word_1_322' title='bbox 1270 3965 1461 4021; x_wconf 84' lang='lat' dir='ltr'>Ciceronianae</span> <span class='ocrx_word' id='word_1_323' title='bbox 1479 3967 1536 4035; x_wconf 91' lang='lat' dir='ltr'>qui-</span> 
     </span>
     <span class='ocr_line' id='line_1_33' title="bbox 253 4053 1537 4124; baseline -0.002 -12"><span class='ocrx_word' id='word_1_324' title='bbox 253 4058 311 4112; x_wconf 91' lang='lat' dir='ltr'>dem</span> <span class='ocrx_word' id='word_1_325' title='bbox 330 4058 440 4124; x_wconf 87' lang='lat' dir='ltr'>aetatis,</span> <span class='ocrx_word' id='word_1_326' title='bbox 465 4059 511 4112; x_wconf 90' lang='lat' dir='ltr'>sed</span> <span class='ocrx_word' id='word_1_327' title='bbox 536 4058 665 4111; x_wconf 85' lang='lat' dir='ltr'>incertum</span> <span class='ocrx_word' id='word_1_328' title='bbox 688 4074 723 4112; x_wconf 90' lang='lat' dir='ltr'>an</span> <span class='ocrx_word' id='word_1_329' title='bbox 746 4055 780 4110; x_wconf 92' lang='lat' dir='ltr'>ab</span> <span class='ocrx_word' id='word_1_330' title='bbox 804 4055 862 4124; x_wconf 90' lang='lat' dir='ltr'>ipso</span> <span class='ocrx_word' id='word_1_331' title='bbox 880 4055 1045 4123; x_wconf 88' lang='lat' dir='ltr'>adhibitum,</span> <span class='ocrx_word' id='word_1_332' title='bbox 1069 4053 1244 4123; x_wconf 86' lang='lat' dir='ltr'>praedomare</span> <span class='ocrx_word' id='word_1_333' title='bbox 1263 4061 1402 4108; x_wconf 89' lang='lat' dir='ltr'>auctorum</span> <span class='ocrx_word' id='word_1_334' title='bbox 1420 4070 1479 4110; x_wconf 86' lang='lat' dir='ltr'>esse</span> <span class='ocrx_word' id='word_1_335' title='bbox 1496 4071 1537 4110; x_wconf 90' lang='lat' dir='ltr'>ar·</span> 
     </span>
     <span class='ocr_line' id='line_1_34' title="bbox 252 4143 1536 4216; baseline -0.002 -16"><span class='ocrx_word' id='word_1_336' title='bbox 252 4155 363 4214; x_wconf 84' lang='lat' dir='ltr'>genteae</span> <span class='ocrx_word' id='word_1_337' title='bbox 381 4165 408 4216; x_wconf 93' lang='lat' dir='ltr'>q.</span> <span class='ocrx_word' id='word_1_338' title='bbox 421 4147 447 4202; x_wconf 93' lang='lat' dir='ltr'>d.</span> <span class='ocrx_word' id='word_1_339' title='bbox 461 4147 611 4216; x_wconf 87' lang='lat' dir='ltr'>latinitatis,</span> <span class='ocrx_word' id='word_1_340' title='bbox 630 4147 787 4202; x_wconf 88' lang='lat' dir='ltr'>subdomare</span> <span class='ocrx_word' id='word_1_341' title='bbox 801 4144 913 4214; x_wconf 86' lang='lat' dir='ltr'>priscae,</span> <span class='ocrx_word' id='word_1_342' title='bbox 927 4143 1093 4213; x_wconf 90' lang='lat' dir='ltr'>condomare,</span> <span class='ocrx_word' id='word_1_343' title='bbox 1109 4143 1251 4197; x_wconf 90' lang='lat' dir='ltr'>dedomarc</span> <span class='ocrx_word' id='word_1_344' title='bbox 1264 4144 1334 4212; x_wconf 90' lang='lat' dir='ltr'>apud</span> <span class='ocrx_word' id='word_1_345' title='bbox 1347 4160 1416 4199; x_wconf 86' lang='lat' dir='ltr'>rece.</span> <span class='ocrx_word' id='word_1_346' title='bbox 1432 4145 1536 4199; x_wconf 82' lang='lat' dir='ltr'>demum</span> 
     </span>
     <span class='ocr_line' id='line_1_35' title="bbox 253 4231 1537 4305; baseline -0.001 -16"><span class='ocrx_word' id='word_1_347' title='bbox 253 4237 376 4291; x_wconf 89' lang='lat' dir='ltr'>inueniri.</span> <span class='ocrx_word' id='word_1_348' title='bbox 413 4237 473 4290; x_wconf 90' lang='lat' dir='ltr'>Non</span> <span class='ocrx_word' id='word_1_349' title='bbox 496 4252 561 4290; x_wconf 88' lang='lat' dir='ltr'>sane</span> <span class='ocrx_word' id='word_1_350' title='bbox 584 4236 745 4305; x_wconf 88' lang='lat' dir='ltr'>spondemus</span> <span class='ocrx_word' id='word_1_351' title='bbox 770 4234 849 4302; x_wconf 90' lang='lat' dir='ltr'>plane</span> <span class='ocrx_word' id='word_1_352' title='bbox 873 4234 963 4288; x_wconf 87' lang='lat' dir='ltr'>omnia</span> <span class='ocrx_word' id='word_1_353' title='bbox 986 4233 1068 4287; x_wconf 91' lang='lat' dir='ltr'>uerba</span> <span class='ocrx_word' id='word_1_354' title='bbox 1090 4231 1318 4301; x_wconf 88' lang='lat' dir='ltr'>praepositionata</span> <span class='ocrx_word' id='word_1_355' title='bbox 1340 4250 1357 4287; x_wconf 95' lang='lat' dir='ltr'>a</span> <span class='ocrx_word' id='word_1_356' title='bbox 1380 4234 1457 4288; x_wconf 88' lang='lat' dir='ltr'>uobis</span> <span class='ocrx_word' id='word_1_357' title='bbox 1480 4249 1537 4289; x_wconf 85' lang='lat' dir='ltr'>esse</span> 
     </span>
     <span class='ocr_line' id='line_1_36' title="bbox 252 4321 1536 4395; baseline -0.002 -15"><span class='ocrx_word' id='word_1_358' title='bbox 252 4334 425 4395; x_wconf 80' lang='lat' dir='ltr'>congregata,</span> <span class='ocrx_word' id='word_1_359' title='bbox 450 4342 512 4380; x_wconf 91' lang='lat' dir='ltr'>nam</span> <span class='ocrx_word' id='word_1_360' title='bbox 541 4332 568 4379; x_wconf 88' lang='lat' dir='ltr'>et</span> <span class='ocrx_word' id='word_1_361' title='bbox 597 4324 718 4379; x_wconf 90' lang='lat' dir='ltr'>consulto</span> <span class='ocrx_word' id='word_1_362' title='bbox 736 4322 867 4390; x_wconf 88' lang='lat' dir='ltr'>quaedam</span> <span class='ocrx_word' id='word_1_363' title='bbox 884 4323 1082 4391; x_wconf 88' lang='lat' dir='ltr'>praeteriimus,</span> <span class='ocrx_word' id='word_1_364' title='bbox 1112 4327 1142 4374; x_wconf 90' lang='lat' dir='ltr'>ut</span> <span class='ocrx_word' id='word_1_365' title='bbox 1165 4321 1286 4389; x_wconf 90' lang='lat' dir='ltr'>priuatae</span> <span class='ocrx_word' id='word_1_366' title='bbox 1310 4321 1433 4376; x_wconf 87' lang='lat' dir='ltr'>licentiae</span> <span class='ocrx_word' id='word_1_367' title='bbox 1456 4325 1494 4392; x_wconf 90' lang='lat' dir='ltr'>(u.</span> <span class='ocrx_word' id='word_1_368' title='bbox 1513 4340 1536 4379; x_wconf 89' lang='lat' dir='ltr'>e.</span> 
     </span>
     <span class='ocr_line' id='line_1_37' title="bbox 252 4410 1538 4484; baseline -0.002 -17"><span class='ocrx_word' id='word_1_369' title='bbox 252 4415 371 4484; x_wconf 84' lang='lat' dir='ltr'>Laberii)</span> <span class='ocrx_word' id='word_1_370' title='bbox 396 4421 560 4482; x_wconf 87' lang='lat' dir='ltr'>commenta,</span> <span class='ocrx_word' id='word_1_371' title='bbox 585 4421 615 4467; x_wconf 92' lang='lat' dir='ltr'>ut</span> <span class='ocrx_word' id='word_1_372' title='bbox 639 4429 733 4482; x_wconf 92' lang='lat' dir='ltr'>parum</span> <span class='ocrx_word' id='word_1_373' title='bbox 752 4412 941 4479; x_wconf 86' lang='lat' dir='ltr'>testimoniata,</span> <span class='ocrx_word' id='word_1_374' title='bbox 961 4418 988 4464; x_wconf 90' lang='lat' dir='ltr'>et</span> <span class='ocrx_word' id='word_1_375' title='bbox 1006 4411 1060 4465; x_wconf 91' lang='lat' dir='ltr'>alia</span> <span class='ocrx_word' id='word_1_376' title='bbox 1077 4411 1190 4464; x_wconf 84' lang='lat' dir='ltr'>fortasse</span> <span class='ocrx_word' id='word_1_377' title='bbox 1208 4425 1257 4462; x_wconf 86' lang='lat' dir='ltr'>nos</span> <span class='ocrx_word' id='word_1_378' title='bbox 1275 4410 1485 4482; x_wconf 84' lang='lat' dir='ltr'>praeterierunt,</span> <span class='ocrx_word' id='word_1_379' title='bbox 1509 4418 1538 4467; x_wconf 91' lang='lat' dir='ltr'>at</span> 
     </span>
     <span class='ocr_line' id='line_1_38' title="bbox 253 4498 1536 4572; baseline -0.001 -15"><span class='ocrx_word' id='word_1_380' title='bbox 253 4510 325 4558; x_wconf 89' lang='lat' dir='ltr'>certe</span> <span class='ocrx_word' id='word_1_381' title='bbox 349 4504 454 4572; x_wconf 92' lang='lat' dir='ltr'>aliquot</span> <span class='ocrx_word' id='word_1_382' title='bbox 478 4504 613 4558; x_wconf 87' lang='lat' dir='ltr'>centurias</span> <span class='ocrx_word' id='word_1_383' title='bbox 636 4502 681 4556; x_wconf 92' lang='lat' dir='ltr'>bic</span> <span class='ocrx_word' id='word_1_384' title='bbox 700 4501 820 4556; x_wconf 88' lang='lat' dir='ltr'>inuenies</span> <span class='ocrx_word' id='word_1_385' title='bbox 839 4517 856 4555; x_wconf 92' lang='lat' dir='ltr'>a</span> <span class='ocrx_word' id='word_1_386' title='bbox 874 4501 992 4567; x_wconf 85' lang='lat' dir='ltr'>Georges</span> <span class='ocrx_word' id='word_1_387' title='bbox 1013 4500 1093 4553; x_wconf 90' lang='lat' dir='ltr'>etiam</span> <span class='ocrx_word' id='word_1_388' title='bbox 1113 4498 1140 4552; x_wconf 90' lang='lat' dir='ltr'>iu</span> <span class='ocrx_word' id='word_1_389' title='bbox 1163 4499 1309 4553; x_wconf 86' lang='lat' dir='ltr'>nouissima</span> <span class='ocrx_word' id='word_1_390' title='bbox 1327 4498 1405 4554; x_wconf 84' lang='lat' dir='ltr'>lexici</span> <span class='ocrx_word' id='word_1_391' title='bbox 1424 4501 1465 4554; x_wconf 88' lang='lat' dir='ltr'>sui</span> <span class='ocrx_word' id='word_1_392' title='bbox 1482 4501 1536 4556; x_wconf 87' lang='lat' dir='ltr'>edi·</span> 
     </span>
     <span class='ocr_line' id='line_1_39' title="bbox 250 4593 460 4648; baseline 0.005 -1"><span class='ocrx_word' id='word_1_393' title='bbox 250 4593 323 4648; x_wconf 89' lang='lat' dir='ltr'>tione</span> <span class='ocrx_word' id='word_1_394' title='bbox 341 4594 460 4648; x_wconf 88' lang='lat' dir='ltr'>omissas.</span> 
     </span>
    </p>
   </div>
   <div class='ocr_carea' id='block_1_6' title="bbox 0 0 1742 5306">
    <p class='ocr_par' dir='ltr' id='par_1_6' title="bbox 0 0 1742 5306">
     <span class='ocr_line' id='line_1_40' title="bbox 0 0 1742 5306; baseline 0 0"><span class='ocrx_word' id='word_1_395' title='bbox 0 0 1742 5306; x_wconf 95' lang='lat' dir='ltr'> </span> 
     </span>
    </p>
   </div>
  </div>
 </body>
</html>
