3480 5304
783 399 942 496 -66ῃ

222 610 334 710 teras),
361 633 380 684 θ
407 611 441 682 S.
470 610 525 682 S.:
559 613 734 684 incensum
760 608 954 698 66561311,
979 613 1173 684 1666666166
1196 607 1429 708 (1666666116
1454 653 1505 662 -

222 729 482 821 6166116666.
510 751 590 820 pro
616 731 790 819 collectus,
816 731 1084 818 Versammlung
1113 753 1166 820 ep.
1198 735 1256 818 51,
1290 735 1303 802 1
1337 735 1425 803 ‘cnm
1452 753 1506 803 66-

222 852 814 924 1616616161661166161666616616
841 851 963 942 611166,
999 873 1087 942 6666
1105 907 1112 922 .
1128 855 1162 938 .’,
1199 851 1246 921 ib.
1276 857 1310 939 9,
1339 873 1411 940 reg.
1439 851 1506 924 Po-

221 973 329 1042 elrom.
355 977 385 1066 1,
406 976 439 1059 3,
462 977 482 1043 9
503 972 560 1059 61.,
589 971 694 1062 Vulg.
723 972 826 1056 (siout
850 981 928 1062 post
954 979 1040 1044 6611.
1068 971 1198 1044 6116666
1225 993 1331 1062 saep,
1360 979 1398 1044 ut
1425 971 1506 1044 adu.

220 1092 336 1163 Jouin.
365 1093 392 1179 Ι,
423 1095 471 1163 27
490 1099 569 1180 post
593 1093 755 1164 offensam
775 1091 852 1180 Dei,
881 1093 916 1162 in
945 1093 988 1164 Is.
1017 1092 1218 1180 11161139,
1247 1097 1266 1164 3
1297 1114 1347 1183 66.
1369 1093 1435 1164 61.;
1461 1093 1503 1164 61.

218 1213 286 1283 HA
311 1235 345 1301 p.
377 1215 423 1283 70
451 1207 552 1302 sqq),
589 1213 748 1303 quodque
776 1213 1007 1302 similigenum
1032 1235 1108 1285 esse
1133 1212 1286 1300 uidetur,
1313 1213 1507 1284 accubitum

221 1333 302 1416 (HA
332 1356 366 1422 p.
394 1332 431 1413 2)
458 1333 492 1400 In
519 1331 582 1401 ΕΖ.
611 1332 696 1404 XIV
722 1332 845 1422 61146,
878 1337 922 1405 19
944 1354 1017 1423 sqq.
1048 1337 1202 1421 ‘propter
1221 1331 1390 1421 accubita,
1418 1353 1506 1422 6666

221 1454 350 1543 Aquila
381 1464 536 1546 στιβάδας
569 1453 819 1541 interpretatus
848 1455 923 1540 est’,
961 1451 1007 1522 ib.
1037 1451 1096 1522 inf.
1125 1450 1288 1544 (culinae)
1313 1452 1507 1542 propinquo

220 1573 394 1645 habebant
416 1573 596 1659 necubita’,
616 1613 656 1622 -
686 1572 883 1660 *depositus
896 1595 928 1662 q.
944 1571 1140 1661 decrepitus
1155 1572 1190 1642 in
1204 1571 1279 1643 der.
1296 1571 1331 1642 ll
1345 1571 1389 1643 ad
1407 1575 1440 1660 6,
1460 1577 1504 1643 12

221 1699 315 1782 ‘ergo
325 1701 482 1766 senectus
494 1715 560 1764 non
569 1699 726 1764 66166166
734 1692 868 1780 ultima,
882 1691 942 1764 sed
951 1713 1067 1762 eorum
1082 1692 1141 1781 qui
1157 1691 1249 1780 pleni
1265 1698 1345 1762 sunt
1359 1690 1504 1782 dierum,

220 1837 305 1904 quos
340 1821 457 1886 nostro
494 1835 650 1885 sermone
677 1813 894 1903 appellamus
921 1812 1095 1901 depositos
1118 1813 1192 1884 siue
1216 1811 1422 1899 decrepitos'
1446 1809 1504 1908 (61.

220 1956 307 2024 6666
339 1935 444 2005 habet
477 1931 603 2020 Georg.
640 1931 726 2004 Lex.
766 1955 793 2004 s.
821 1955 855 2002 6.
891 1933 936 2020 ΙΙ,
969 1931 1024 2016 Β).
1060 1973 1104 1982 -
1145 1929 1340 2004 *desertum
1382 1936 1504 2004 melon.

219 2055 253 2125 in
273 2056 318 2126 ls.
351 2054 436 2126 lad
467 2059 498 2142 1,
527 2057 548 2125 7
572 2053 674 2144 ‘quod
700 2053 814 2124 omniu
840 2053 930 2124 bono
948 2074 1064 2123 eorum
1093 2055 1153 2146 (sc.
1173 2053 1506 2142 praeuaricatorum)

220 2175 360 2246 uenient
386 2175 430 2246 ad
458 2174 656 2261 desertum’,
685 2174 726 2244 ol.
754 2173 799 2245 ad
825 2195 858 2244 6.
889 2177 931 2244 8:
960 2173 1074 2245 omnia
1098 2179 1218 2244 nostre
1242 2173 1443 2262 redigentur
1462 2173 1504 2245 ad

219 2295 438 2366 solitudinem
473 2295 529 2378 (61.
566 2295 626 2365 161.
662 2293 736 2382 63),
774 2335 818 2346 -
857 2293 1070 2365 *Inconditus
1110 2293 1230 2364 transl.
1273 2314 1385 2384 pers.
1424 2293 1504 2365 adu.

219 2415 388 2504 Vigilant.
416 2419 436 2488 3
466 2419 530 2487 ‘est
556 2414 738 2504 imperitus
767 2420 852 2484 ..et
880 2435 1035 2485 sermone
1055 2414 1271 2502 inconditus’,
1295 2455 1339 2464 -
1368 2415 1506 2486 *incon-

220 2536 361 2608 neniens
387 2536 508 2607 transl.
535 2543 574 2607 ut
601 2556 629 2606 c.
655 2533 779 2606 Joann.
811 2537 832 2605 7
859 2533 1113 2604 ‘Insonuenieus
1147 2540 1200 2604 661
1232 2533 1377 2624 opinari,
1413 2533 1505 2624 quod

222 2657 378 2746 ..possit
405 2656 534 2727 uidere’
562 2655 667 2747 (App.
694 2654 823 2742 mund,
841 2653 953 2739 Laut,
981 2651 1131 2741 Ambo),
1153 2691 1197 2704 -
1220 2653 1370 2724 *lactens
1388 2675 1502 2744 pers.

221 2776 330 2869 (Tort.
357 2798 412 2847 66.
442 2779 633 2866 19166666,
663 2775 760 2846 6116
787 2775 831 2845 ls.
858 2771 963 2844 XVII
987 2773 1031 2844 ad
1059 2777 1117 2861 60,
1147 2777 1169 2842 4
1196 2774 1321 2862 661666
1347 2775 1504 2862 paruulis

221 2904 324 2986 61666
351 2896 569 2982 lactentibus,
606 2896 652 2965 ib.
678 2917 752 2984 sup.
781 2894 916 2965 animae
942 2895 977 2964 iu
1005 2892 1143 2965 Christo
1170 2893 1347 2982 lactentes,
1384 2896 1428 2966 61.
1456 2915 1502 2966 66.

220 3039 344 3106 porcus
363 3016 497 3107 (Vurr.)
517 3016 595 3088 adu.
637 3015 754 3087 Jouin.
773 3015 819 3102 ΙΙ,
842 3017 863 3085 7
882 3014 1090 3086 iudaizantis
1108 3016 1205 3104 uulgi
1223 3015 1503 3087 consuetudinem

221 3160 283 3226 pro
322 3136 477 3208 altilibus
511 3144 546 3207 et
571 3136 778 3207 lactentibus
805 3135 934 3206 uitulos
961 3136 1201 3226 consumentis
1232 3177 1276 3187 -
1309 3137 1442 3207 *motus
1469 3159 1501 3226 q.

222 3259 391 3328 alienatus
426 3263 540 3328 mente
569 3256 648 3328 edu.
703 3254 811 3345 Vigil.
848 3260 871 3326 4
910 3255 1081 3326 hominem
1125 3255 1209 3326 moti
1243 3255 1367 3343 6661116
1399 3264 1504 3346 61666

223 3379 444 3467 Hippocratis
470 3378 617 3448 uinculis
641 3376 864 3466 alligandum,
889 3417 932 3426 —-
963 3376 1160 3465 *peecatum
1188 3379 1336 3444 616166.
1364 3397 1397 3465 q.
1425 3398 1503 3465 peo-

223 3507 318 3568 66166
345 3497 400 3568 661
428 3498 579 3586 peocutio
607 3498 662 3586 (ef.
694 3497 755 3586 58)
783 3518 836 3584 ep.
869 3501 952 3583 121,
981 3499 1002 3567 7
1029 3497 1069 3565 ‘si
1089 3496 1241 3567 exterior
1259 3495 1389 3585 (homo)
1408 3497 1502 3585 16611,

224 3617 313 3707 qnod
347 3639 413 3687 non
445 3617 531 3703 uult,
569 3616 730 3704 ostendit,
770 3638 886 3686 ..nou
918 3638 963 3686 se
993 3616 1130 3703 operari
1159 3614 1249 3705 quod
1283 3622 1336 3686 est
1362 3617 1503 3704 malum,

224 3738 281 3807 sed
310 3736 526 3807 habitans
553 3738 588 3806 16
611 3759 673 3807 666
693 3757 794 3808 carne
814 3744 1064 3825 peccatum,
1090 3735 1154 3806 hoo
1173 3742 1226 3806 661
1244 3735 1331 3806 61116
1350 3738 1504 3825 corporis

224 3865 259 3928 et
285 3857 457 3928 desiderIa
475 3858 689 3945 uoluptatis,
719 3857 801 3927 ibid.
825 3858 1002 3928 ‘conclusit
1019 3857 1114 3928 Deus
1132 3877 1249 3927 onmes
1272 3855 1335 3926 sub
1354 3863 1502 3946 peccato,

224 3984 262 4047 61
288 3977 438 4047 onmium
465 3978 680 4048 misereatur’
708 3977 752 4048 61.

309 4103 381 4182 pA:
406 4103 627 4168 immaculatus
653 4104 683 4167 In
707 4105 766 4168 ΕΖ.
782 4103 856 4168 XlV
880 4105 920 4169 ad
946 4109 998 4184 45,
1028 4109 1065 4167 18
1083 4122 1153 4185 sqq.
1177 4103 1298 4168 ultulus
1314 4101 1355 4167 al.
1380 4102 1502 4184 (Cypra,

224 4193 324 4272 Laut,
351 4193 464 4275 Arum,
490 4199 522 4258 et
546 4193 578 4258 S.
604 4192 634 4258 S.
660 4199 724 4259 uet.
751 4198 783 4258 61
809 4192 926 4276 Vulg.),
952 4194 1118 4274 inopertus
1142 4211 1192 4273 ep.
1217 4198 1269 4273 64,
1299 4196 1336 4255 13
1363 4192 1502 4256 ‘tertuum

224 4361 270 4428 36)
289 4366 319 4412 61
338 4375 379 4429 ep.
401 4365 462 4434 123,
479 4365 504 4430 5,
521 4361 601 4426 Vulg.
638 4362 684 4429 37)
704 4360 731 4413 in
749 4360 798 4414 ΕΖ.
818 4362 855 4414 IV
875 4359 909 4413 ud
929 4365 971 4428 16,
994 4364 1026 4413 18
1044 4360 1189 4430 thymiama
1208 4359 1234 4413 id
1253 4365 1293 4412 661
1311 4357 1456 4427 incensum,
1477 4358 1504 4411 iu

225 4448 300 4502 Cant.
324 4453 336 4501 1
363 4449 414 4502 ool.
438 4454 489 4503 505
517 4449 797 4516 stactun..gulbaneu
821 4457 848 4503 et
870 4449 988 4518 relique,
1016 4450 1082 4503 haee
1110 4449 1216 4518 quidem
1247 4448 1275 4501 iu
1304 4449 1439 4502 incensum
1468 4447 1503 4503 61.

224 4541 270 4606 38)
292 4538 318 4590 16
337 4537 384 4591 ΕΖ.
403 4538 474 4592 hom.
494 4543 520 4606 5,
536 4543 551 4592 6
572 4543 629 4592 ‘uos
650 4538 777 4592 insensati
797 4540 917 4592 nolentes
937 4538 1098 4607 6611166666,
1119 4555 1187 4607 6666
1207 4537 1283 4592 66616
1302 4537 1434 4592 16666661
1452 4555 1504 4591 me·

224 4626 289 4680 tum'
308 4627 352 4695 61.,
373 4628 441 4695 Aug.
